@inproceedings{tahir2010efficient,
  title={Efficient computation of robust positively invariant sets with linear state-feedback gain as a variable of optimization},
  author={Tahir, Furqan},
  booktitle={Electrical Engineering Computing Science and Automatic Control (CCE), 2010 7th International Conference on},
  pages={199--204},
  year={2010},
  organization={IEEE}
}

@inproceedings{heinz2014benchmark,
  title={Benchmark: Reachability on a model with holes.},
  author={Heinz, Thomas and Oehlerking, Jens and Woehrle, Matthias},
  booktitle={ARCH@ CPSWeek},
  pages={31--36},
  year={2014}
}

@inproceedings{rakovic2004computation,
  title={Computation of invariant sets for piecewise affine discrete time systems subject to bounded disturbances},
  author={Rakovic, SV and Grieder, P and Kvasnica, Michal and Mayne, DQ and Morari, Manfred},
  booktitle={Decision and Control, 2004. CDC. 43rd IEEE Conference on},
  volume={2},
  pages={1418--1423},
  year={2004},
  organization={IEEE}
}

@inproceedings{makhlouf2014networked,
  title={Networked Cooperative Platoon of Vehicles for Testing Methods and Verification Tools.},
  author={Makhlouf, Ibtissem Ben and Kowalewski, Stefan},
  booktitle={ARCH@ CPSWeek},
  pages={37--42},
  year={2014}
}

@inproceedings{tcz2017,
  title={Template complex zonotopes for stability and invariant
                  computation},
  author={Adimoolam, Arvind  and Dang, Thao},
  booktitle={American Control Conference (ACC), 2017},
  pages={},
  year={2017},
  organization={IEEE}
}



@inproceedings{adimoolam2016using,
  title={Using complex zonotopes for stability verification},
  author={Adimoolam, Arvind S and Dang, Thao},
  booktitle={American Control Conference (ACC), 2016},
  pages={4269--4274},
  year={2016},
  organization={IEEE}
}