@inproceedings{bagrodzafSAS05,
author = "R. Bagnara and E. Rodr{\'\i}guez-Carbonell and E. Zaffanella",
title = "Generation of Basic Semi-algebraic Invariants Using Convex Polyhedra",
booktitle = "12th International Symposium on Static Analysis (SAS'05)",
editors = "C. Hankin and I. Siveroni",
pages = "19--34",
month = "sep",
year = "2005",
publisher = "Springer-Verlag",
series = "Lecture Notes in Computer Science",
volume = "3672" }

@article{Rodriguez-Carbonell:2007,
 author = {Rodr\'{\i}guez-Carbonell, E. and Kapur, D.},
 title = {Automatic Generation of Polynomial Invariants of Bounded Degree Using Abstract Interpretation},
 journal = {Sci. Comput. Program.},
 volume = {64},
 number = {1},
 month = jan,
 year = {2007},
 pages = {54--75},
 publisher = {Elsevier North-Holland, Inc.},
 address = {Amsterdam, The Netherlands, The Netherlands}
} 

@article{Feron2010,
 author = {Feron, E},
 title = {From Control Systems to Control Software: Integrating Lyapunov-theoretic proofs within code},
 journal = {IEEE Control Systems Magazine},
 volume = {},
 number = {1},
 month = dec,
 year = {2010},
 pages = {50--71}
} 

@inproceedings{AdjeGaubertGoubaultESOP2010,
author={A. Adje and S. Gaubert and E. Goubault},
title={Coupling policy iteration with semi-definite relaxation to compute accurate numerical invariants in static analysis},
booktitle={ESOP},
publisher=springer,
pages={23--42},
series=lncs,
volume={6012},
year=2010,
mynote={\doi{978-3-642-11957-6\_3}},
}

@inproceedings{althoff2013,
  title={Reachability analysis of nonlinear systems using conservative polynomialization and non-convex sets},
  author={Althoff, Matthias},
  booktitle={Proceedings of the 16th international conference on Hybrid systems: computation and control},
  pages={173--182},
  year={2013},
  organization={ACM}
}

@inproceedings{DBLP:conf/aplas/AdjeGW15,
  author    = {Assal{\'{e}} Adj{\'{e}} and
               Pierre{-}Lo{\"{\i}}c Garoche and
               Alexis Werey},
  title     = {Quadratic Zonotopes - An Extension of Zonotopes to Quadratic Arithmetics},
  booktitle = {Programming Languages and Systems - 13th Asian Symposium, {APLAS}
               2015, Pohang, South Korea, November 30 - December 2, 2015, Proceedings},
  pages     = {127--145},
  year      = {2015},
}

@incollection{blanchini2015switching,
  title={Switching and switched systems},
  author={Blanchini, Franco and Miani, Stefano},
  booktitle={Set-Theoretic Methods in Control},
  pages={405--466},
  year={2015},
  publisher={Springer}
}

