@string{Tbp = "{To be published}"}
@string{jlap = "{Journal of Logic and Algebraic Programming}"}
@string{jlap = "{J. Log. Algeb. Prog.}"}
@string{springer = "{Springer-Verlag}"}
@string{springer = "{Springer}"}
@string{lncs = "{Lecture Notes in Computer Science}"}
@string{lncs = "{LNCS}"}
@string{tcs = "{Theoretical Computer Science}"}
@string{tcs = "{Theor. Comp. Sci.}"}
@string{sttt = "International Journal on Software Tools for
                  Technology Transfer"}
@string{sttt = "Int. J. Softw. Tools Techn. Transf."}
@string{entcs = "{Electronic Notes in Theoretical Computer Science}"}
@string{entcs = "{ENTCS}"}
@string{lmcs = "{Logical Methods in Computer Science}"}
@string{lmcs = "{Log. Meth. Comp. Sci.}"}
@string{laa = "{Linear Algebra and its Applications}"}
@string{laa = "{Lin. Alg. Appl.}"}
@string{jcta = "{Journal of Combinatorial Theory, series A}"}
@string{jcta = "{J. Comb. Th. ser. A}"}
@string{fmsd = "{Formal Methods in System Design}"}
@string{fmsd = "{For. Meth. Syst. Design}"}
@string{cacm = "{Communications of the ACM}"}
@string{cacm = "{Comm. ACM}"}
@string{mscs = "{Mathematical Structures in Computer Science}"}
@string{mscs = "{Math. Struct. Comp. Sci.}"}
@string{pams = "{Proceedings of the American Mathematical Society}"}
@string{pams = "{Proc. AMS}"}
@string{pieee = "{Proceedings of the IEEE}"}
@string{pieee = "{Proc. IEEE}"}

@BOOK{BCOQ92,
author={F. Baccelli and G. Cohen and G.-J. Olsder and J.-P. Quadrat},
title={Synchronization and Linearity},
year={1992},
publisher={Wiley},
}

@article{invariant09,
author={M. Di Loreto and S. Gaubert and R. D. Katz and J. J. Loiseau},
title={Duality between invariant spaces for max-plus linear discrete event systems},
journal={SIAM Journal on Control and Optimization},
year={2010},
volume={48},
pages={5606--5628},
} %note={E-print \arxiv{0901.2915}},

@article{DBLP:journals/tcs/AlurD94,
  author    = {Rajeev Alur and
               David L. Dill},
  title     = {A Theory of Timed Automata},
  journal   = tcs,
  volume    = 126,
  number    = 2,
  year      = 1994,
  pages     = {183--235},
  bibsource = {DBLP, http://dblp.uni-trier.de}
}

@inproceedings{DBLP:conf/icalp/AlurD90,
  author    = {Rajeev Alur and
               David L. Dill},
  title     = {Automata For Modeling Real-Time Systems},
  booktitle = {ICALP},
  year      = 1990,
  pages     = {322--335},
crossref  = {DBLP:conf/icalp/1990},
  bibsource = {DBLP, http://dblp.uni-trier.de}
}
  

@proceedings{DBLP:conf/icalp/1990,
  editor    = {Mike Paterson},
  title     = {Automata, Languages and Programming, 17th International
               Colloquium, ICALP90, Warwick University, England, July 16-20,
               1990, Proceedings},
  booktitle = {ICALP},
  publisher = springer,
  series    = lncs,
  volume    = 443,
  year      = 1990,
  isbn      = {3-540-52826-1},
  bibsource = {DBLP, http://dblp.uni-trier.de}
}

@article{LPY97,
  author =        {Larsen, Kim G. and Pettersson, Paul and Yi, Wang},
  journal =       sttt,
  number =        {1--2},
  pages =         {134-152},
  title =         {{UPPAAL} in a Nutshell},
  volume =        {1},
  year =          {1997},
}

@inproceedings{IFtool,
  author    = {Marius Bozga and
               Susanne Graf and
               Ileana Ober and
               Iulian Ober and
               Joseph Sifakis},
  title     = {The {IF} Toolset},
  booktitle = {SFM},
  year      = {2004},
  pages     = {237-267},
  ee        = {http://springerlink.metapress.com/openurl.asp?genre=article{\&}issn=0302-9743{\&}volume=3185{\&}spage=237},
  bibsource = {DBLP, http://dblp.uni-trier.de},
  crossref  = {DBLP:conf/sfm/2004},
}

@proceedings{DBLP:conf/sfm/2004,
  editor    = {Marco Bernardo and
               Flavio Corradini},
  title     = {Formal Methods for the Design of Real-Time Systems, International
               School on Formal Methods for the Design of Computer, Communication
               and Software Systems, SFM-RT 2004, Bertinoro, Italy, September
               13-18, 2004, Revised Lectures},
  booktitle = {SFM},
  publisher = springer,
  series    = lncs,
  volume    = {3185},
  year      = {2004},
  isbn      = {3-540-23068-8},
  bibsource = {DBLP, http://dblp.uni-trier.de}
}

@article{farnwang,
  author    = {Farn Wang},
  title     = {Efficient verification of timed automata with {BDD}-like
                  data structures},
  journal   = sttt,
  volume    = {6},
  number    = {1},
  year      = {2004},
  pages     = {77-97},
  ee        = {http://www.springerlink.com/index/10.1007/s10009-003-0135-4},
  bibsource = {DBLP, http://dblp.uni-trier.de}
}

@Article{journals/jlap/LuMMRFL,
  author = 	 {Lu, Qi and Madsen, Michael and Milata, Martin and
                  Ravn, S{\o}ren and Fahrenberg, Uli and Larsen, Kim
                  G.},
  title = 	 {Reachability Analysis for Timed Automata using
                  Max-Plus Algebra},
  journal = 	 jlap,
  year = 	 2012,
  volume = 81,
  number = 3,
  pages = {298-313}
}

@inproceedings{DBLP:conf/atva/BygJS09,
  author    = {Joakim Byg and
               Kenneth Yrke J{\o}rgensen and
               Ji{\v r}\'{\i} Srba},
  title     = {{TAPAAL}: Editor, Simulator and Verifier of Timed-Arc
                  {Petri} Nets},
  booktitle = {ATVA},
  year      = 2009,
  pages     = {84-89},
  ee        = {http://dx.doi.org/10.1007/978-3-642-04761-9_7},
  bibsource = {DBLP, http://dblp.uni-trier.de}
}
  crossref  = {DBLP:conf/atva/2009},

@proceedings{DBLP:conf/atva/2009,
  editor    = {Zhiming Liu and
               Anders P. Ravn},
  title     = {Automated Technology for Verification and Analysis, 7th
               International Symposium, ATVA 2009, Macao, China, October
               14-16, 2009. Proceedings},
  booktitle = {ATVA},
  publisher = springer,
  series    = lncs,
  volume    = 5799,
  year      = 2009,
  isbn      = {978-3-642-04760-2},
  ee        = {http://dx.doi.org/10.1007/978-3-642-04761-9},
  bibsource = {DBLP, http://dblp.uni-trier.de}
}

@inproceedings{DBLP:conf/stacs/AllamigeonGG10,
  author    = {Xavier Allamigeon and
               St{\'e}phane Gaubert and
               Eric Goubault},
  title     = {The Tropical Double Description Method},
  booktitle = {STACS},
  year      = 2010,
  pages     = {47-58},
crossref  = {DBLP:conf/stacs/2010},
  ee        = {http://dx.doi.org/10.4230/LIPIcs.STACS.2010.2443},
  bibsource = {DBLP, http://dblp.uni-trier.de}
}
  

@proceedings{DBLP:conf/stacs/2010,
  editor    = {Jean-Yves Marion and
               Thomas Schwentick},
  title     = {27th International Symposium on Theoretical Aspects of Computer
               Science, STACS 2010, March 4-6, 2010, Nancy, France},
  booktitle = {STACS},
  publisher = {Schloss Dagstuhl - Leibniz-Zentrum fuer Informatik},
  series    = {LIPIcs},
  volume    = 5,
  year      = 2010,
  isbn      = {978-3-939897-16-3},
  bibsource = {DBLP, http://dblp.uni-trier.de}
}

@article{DBLP:journals/scp/BagnaraHZ08,
  author    = {Roberto Bagnara and
               Patricia M. Hill and
               Enea Zaffanella},
  title     = {The {P}arma {P}olyhedra {L}ibrary: Toward a complete set
                  of numerical abstractions for the analysis and
                  verification of hardware and software systems},
  journal   = {Science of Computer Programming},
  volume    = 72,
  number    = {1-2},
  year      = 2008,
  pages     = {3-21},
  ee        = {http://dx.doi.org/10.1016/j.scico.2007.08.001},
  bibsource = {DBLP, http://dblp.uni-trier.de}
}

@inproceedings{DBLP:conf/pado/Mine01,
  author    = {Antoine Min{\'e}},
  title     = {A New Numerical Abstract Domain Based on Difference-Bound
               Matrices},
  booktitle = {PADO},
  year      = 2001,
  pages     = {155-172},
  ee        = {http://dx.doi.org/10.1007/3-540-44978-7_10},
  bibsource = {DBLP, http://dblp.uni-trier.de}
}
  crossref  = {DBLP:conf/pado/2001},

@proceedings{DBLP:conf/pado/2001,
  editor    = {Olivier Danvy and
               Andrzej Filinski},
  title     = {Programs as Data Objects, Second Symposium, PADO 2001, Aarhus,
               Denmark, May 21-23, 2001, Proceedings},
  booktitle = {PADO},
  publisher = springer,
  series    = lncs,
  volume    = 2053,
  year      = 2001,
  isbn      = {3-540-42068-1},
  bibsource = {DBLP, http://dblp.uni-trier.de}
}

@inproceedings{CousotCousot76-1,
   author =    {Cousot, Patrick and Cousot, Radhia},
   title =     {Static Determination of Dynamic Properties of Programs},
   pages =     {106--130},
   booktitle = {2nd Int. Symp. Prog.},
   publisher = {Dunod},
   year =      1976,
}

@article{DBLP:journals/lisp/Mine06,
  author    = {Antoine Min{\'e}},
  title     = {The octagon abstract domain},
  journal   = {Higher-Order and Symbolic Computation},
  volume    = 19,
  number    = 1,
  year      = 2006,
  pages     = {31-100},
  ee        = {http://dx.doi.org/10.1007/s10990-006-8609-1},
  bibsource = {DBLP, http://dblp.uni-trier.de}
}

@inproceedings{DBLP:conf/popl/CousotH78,
  author    = {Patrick Cousot and
               Nicolas Halbwachs},
  title     = {Automatic Discovery of Linear Restraints Among Variables
               of a Program},
  booktitle = {POPL},
  year      = {1978},
  pages     = {84-96},
  ee        = {http://doi.acm.org/10.1145/512760.512770},
  bibsource = {DBLP, http://dblp.uni-trier.de}
}

@inproceedings{DBLP:conf/sas/AllamigeonGG08,
  author    = {Xavier Allamigeon and
               Stephane Gaubert and
               Eric Goubault},
  title     = {Inferring Min and Max Invariants Using Max-Plus Polyhedra},
  booktitle = {SAS},
  year      = 2008,
  pages     = {189-204},
crossref  = {DBLP:conf/sas/2008},
  ee        = {http://dx.doi.org/10.1007/978-3-540-69166-2_13},
  bibsource = {DBLP, http://dblp.uni-trier.de}
}
  

@proceedings{DBLP:conf/sas/2008,
  title     = {Static Analysis, 15th International Symposium, SAS 2008,
               Valencia, Spain, July 16-18, 2008. Proceedings},
  booktitle = {SAS},
  publisher = springer,
  series    = lncs,
  volume    = 5079,
  year      = 2008,
  isbn      = {978-3-540-69163-1},
  bibsource = {DBLP, http://dblp.uni-trier.de}
}

@inproceedings{DBLP:conf/hybrid/Frehse05,
  author    = {Goran Frehse},
  title     = {{PHAVer}: Algorithmic Verification of Hybrid Systems Past
               {HyTech}},
  booktitle = {HSCC},
  year      = 2005,
  pages     = {258-273},
  ee        = {http://dx.doi.org/10.1007/978-3-540-31954-2_17},
  bibsource = {DBLP, http://dblp.uni-trier.de}
}
  crossref  = {DBLP:conf/hybrid/2005},

@proceedings{DBLP:conf/hybrid/2005,
  editor    = {Manfred Morari and
               Lothar Thiele},
  title     = {Hybrid Systems: Computation and Control, 8th International
               Workshop, HSCC 2005, Zurich, Switzerland, March 9-11, 2005,
               Proceedings},
  booktitle = {HSCC},
  publisher = springer,
  series    = lncs,
  volume    = 3414,
  year      = 2005,
  isbn      = {3-540-25108-1},
  bibsource = {DBLP, http://dblp.uni-trier.de}
}

@article{MysoreMishra05,
  author    = {Venkatesh Mysore and
               Bud Mishra},
  title     = {Algorithmic Algebraic Model Checking {III}: Approximate Methods},
  journal   = entcs,
  volume    = 149,
  number    = 1,
  year      = 2006,
  pages     = {61-77},
  ee        = {http://dx.doi.org/10.1016/j.entcs.2005.11.017},
  bibsource = {DBLP, http://dblp.uni-trier.de}
}

@inproceedings{Sriram2,
  oldauthor =       {Sriram Sankaranarayanan and Michael Colon and Henny Sipma
                 and Zohar Manna},
  author =       {S. Sankaranarayanan and M. Colon and H. Sipma
                 and Z. Manna},
  title =        {Efficient Strongly Relational Polyhedral Analysis},
  booktitle =    {VMCAI},
  editor =       {E. Allen Emerson and Kedar S. Namjoshi},
  volume = 	 3855,
  pages =        {111--125},
  series = 	 lncs,
  address = 	 {Charleston, SC},
  publisher =    springer,
  year = 2006
}

@article{AllamigeonGaubertKatzJCTA11,
  author = {Xavier Allamigeon and St{\'e}phane Gaubert and Ricardo D. Katz},
  title={The number of extreme points of tropical polyhedra},
  journal=jcta,
  year={2011},
  volume={118},
  number={1},
  pages={162-189},
}

@article{AllamigeonGaubertKatzLAA11,
author={X. Allamigeon and S. Gaubert and R.D. Katz},
title={Tropical polar cones, hypergraph transversals, and mean payoff games},
journal=laa,
volume={435},
number={7},
year={2011},
pages={1549-1574},
url={http://arxiv.org/abs/1004.2778},
}

@article{Saclay:lasserre,
 author = {Lasserre, Jean B.},
 title = {Global Optimization with Polynomials and the Problem of Moments},
 journal = {SIAM J. Opt.},
 volume = {11},
 number = {3},
 year = {2000},
 pages = {796--817},
 numpages = {22},
 publisher = {Society for Industrial and Applied Mathematics},
 address = {Philadelphia, PA, USA},
}

@inproceedings{Saclay:CostanGaubertGoubaultMartelPutotCAV2005,
 author = {Costan, A. and Gaubert, S. and Goubault, E. and Martel, M. and Putot, S.},
 title = {A policy iteration algorithm for computing fixed points in static analysis of programs},
 booktitle = {CAV},
 year = {2005},
 isbn = {3-540-27231-3, 978-3-540-27231-1},
 location = {Edinburgh, Scotland, UK},
 pages = {462--475},
 numpages = {14},
 url = {http://dx.doi.org/10.1007/11513988_46},
 doi = {10.1007/11513988_46},
 acmid = {2153288},
 publisher = springer
}

@inproceedings{Saclay:Gawlitza07PreciseRel,
  author = {Thomas Gawlitza and Helmut Seidl},
  title = {Precise Relational Invariants Through Strategy Iteration},
  booktitle = {CSL},
  year = 2007,
  pages = {23-40},
  series = lncs,
  volume = {4646},
  publisher = springer,
}
  editor = {Jacques Duparc and Thomas A. Henzinger},

@inproceedings{Saclay:AdjeGaubertGoubaultESOP2010,
author={A. Adje and S. Gaubert and E. Goubault},
title={Coupling policy iteration with semi-definite relaxation to compute accurate numerical invariants in static analysis},
booktitle={ESOP},
publisher=springer,
pages={23--42},
year=2010,
mynote={\doi{978-3-642-11957-6\_3}},
}
series=lncs,
volume={6012},

@article{Saclay:BenTalNemirovski,
 author = {Ben-Tal, Aharon and Nemirovski, Arkadi},
 title = {On Polyhedral Approximations of the Second-Order Cone},
 journal = {Math. Oper. Res.},
 volume = {26},
 number = {2},
 year = {2001},
 pages = {193--205},
 publisher = {INFORMS},
 address = {Institute for Operations Research and the Management Sciences (INFORMS), Linthicum, Maryland, USA},
}

@article{Saclay:Bogart2007,
 author = {Bogart, T. and Jensen, A. N. and Speyer, D. and Sturmfels, B. and Thomas, R. R.},
 title = {Computing tropical varieties},
 journal = {J. Symb. Comput.},
 volume = {42},
 issue = {1-2},
 year = {2007},
 pages = {54--73},
 publisher = {Academic Press, Inc.},
 address = {Duluth, MN, USA},
}

@article {Saclay:HeptTheobald2009,
    AUTHOR = {Hept, Kerstin and Theobald, Thorsten},
     TITLE = {Tropical bases by regular projections},
   JOURNAL = pams,
    VOLUME = 137,
      YEAR = 2009,
    NUMBER = 7,
     PAGES = {2233--2241},
      ISSN = {0002-9939},
     CODEN = {PAMYAR},
   MRCLASS = {13P10 (14T05)},
  MRNUMBER = {2495256 (2010b:13046)},
MRREVIEWER = {W. W. Adams},
       DOI = {10.1090/S0002-9939-09-09843-8},
       URL = {http://dx.doi.org/10.1090/S0002-9939-09-09843-8},
}

@incollection {Saclay:MarkwigICMS10,
   author = {Markwig, Thomas},
   title = {Computer Algebra Methods in Tropical Geometry},
   booktitle = {ICMS},
editor = {Fukuda, Komei and Hoeven, Joris and Joswig, Michael and Takayama, Nobuki},
   series = lncs,
   publisher = springer,
   pages = {213-216},

   volume = {6327},
   year = {2010}
}
   




@inproceedings{DBLP:conf/sas/GawlitzaS10,
  author    = {T. M. Gawlitza and
               H. Seidl},
  title     = {Computing Relaxed Abstract Semantics w.r.t. Quadratic Zones
               Precisely},
  booktitle = {SAS},
  year      = 2010,
  pages     = {271-286},
  ee        = {http://dx.doi.org/10.1007/978-3-642-15769-1_17},
  bibsource = {DBLP, http://dblp.uni-trier.de}
}
  crossref  = {DBLP:conf/sas/2010},

@proceedings{DBLP:conf/sas/2010,
  editor    = {Radhia Cousot and
               Matthieu Martel},
  title     = {Static Analysis - 17th International Symposium, SAS 2010,
               Perpignan, France, September 14-16, 2010. Proceedings},
  booktitle = {SAS},
  publisher = springer,
  series    = lncs,
  volume    = 6337,
  year      = 2010,
  isbn      = {978-3-642-15768-4},
  ee        = {http://dx.doi.org/10.1007/978-3-642-15769-1},
  bibsource = {DBLP, http://dblp.uni-trier.de}
}

@inproceedings{DBLP:conf/cav/FrehseGDCRLRGDM11,
  author    = {Goran Frehse and
               Le Guernic, Colas and
               Alexandre Donz{\'e} and
               Scott Cotton and
               Rajarshi Ray and
               Olivier Lebeltel and
               Rodolfo Ripado and
               Antoine Girard and
               Thao Dang and
               Oded Maler},
  title     = {{SpaceEx}: Scalable Verification of Hybrid Systems},
  booktitle = {CAV},
  year      = {2011},
  pages     = {379-395},
  ee        = {http://dx.doi.org/10.1007/978-3-642-22110-1_30},
  bibsource = {DBLP, http://dblp.uni-trier.de},
crossref  = {DBLP:conf/cav/2011},
}
  

@Article{flemingetmceneaneya5,
	LONGAUTHOR = "Wendell H. Fleming and William M. McEneaney",
AUTHOR = "W. H. Fleming and W. M. McEneaney",
	TITLE = "A max-plus-based algorithm for a {H}amilton-{J}acobi-{B}ellman equation of nonlinear filtering",
	JOURNAL = "SIAM J. Control Optim.",
	FJOURNAL = "SIAM Journal on Control and Optimization",
	VOLUME = "38",
	YEAR = "2000",
	NUMBER = "3",
	PAGES = "683--710",
	ISSN = "0363-0129",
	MRCLASS = "93E11 (49L25)",
	MRNUMBER = "1741434 (2001c:93097)",
	MRREVIEWER = "Jose Luis Menaldi",
	DOI = "10.1137/S0363012998332433",
	URL = "http://dx.doi.org/10.1137/S0363012998332433"
}

@article {curseofdim,
    LONGAUTHOR = {McEneaney, William M.},
AUTHOR = {McEneaney, W. M.},
     TITLE = {A curse-of-dimensionality-free numerical method for solution
              of certain {HJB} {PDE}s},
   JOURNAL = {SIAM J. Control Optim.},
  FJOURNAL = {SIAM Journal on Control and Optimization},
    VOLUME = {46},
      YEAR = {2007},
    NUMBER = {4},
     PAGES = {1239--1276},
      ISSN = {0363-0129},
   MRCLASS = {65N99 (49L20 49M25 93C20)},
  MRNUMBER = {2346381 (2008f:65245)},
       DOI = {10.1137/040610830},
       URL = {http://dx.doi.org/10.1137/040610830},
}

@InProceedings{mceneaneya7,
	title = "Curse-of-Complexity Attenuation in the Curse-of-Dimensionality-Free Method for {HJB} {PDEs}",
	longauthor = "William M. McEneaney and Ameet Deshpande and St{\'e}phane Gaubert",
author = "W. M. McEneaney and A. Deshpande and S. Gaubert",
	booktitle = "Proc. of the 2008 American Control Conference",
	address = "Seattle, Washington, USA",
	date = "11-13",
	pages = "4684--4690",
	year = "2008",
	DOI = "10.1109/ACC.2008.458723"
}

@INPROCEEDINGS{Saclay:gaubertmceneaneyzheng11,
author={S. Gaubert and W. McEneaney and Zheng Qu},
title={Curse of dimensionality reduction in max-plus based approximation methods: theoretical estimates and improved pruning algorithms},
booktitle={CDC-ECC},
year={2011},
publisher={IEEE},
note={\arxiv{1109.5241}},
}




@ARTICLE{LGKL09,
author={M. Di Loreto and S. Gaubert and R. Katz and J-J. Loiseau},
title={Duality between invariant spaces for max-plus linear discrete event systems},
journal={SIAM J. Control Optim.},
volume=48,
number=8,
year={2010},
pages={5606-5628},
note={\doi{10.1137/090747191}, \arxiv{0901.2915}},
}

@inproceedings{DBLP:conf/hybrid/AlurCHH92,
  author    = {Rajeev Alur and
               Costas Courcoubetis and
               Thomas A. Henzinger and
               Pei-Hsin Ho},
  title     = {Hybrid Automata: An Algorithmic Approach to the Specification
               and Verification of Hybrid Systems},
  booktitle = {HSCC},
  year      = 1992,
  pages     = {209-229},
  ee        = {http://dx.doi.org/10.1007/3-540-57318-6_30},
  bibsource = {DBLP, http://dblp.uni-trier.de}
}
  crossref  = {DBLP:conf/hybrid/1992},

@inproceedings{DBLP:conf/hybrid/NerodeK92a,
  author    = {Anil Nerode and
               Wolf Kohn},
  title     = {Models for Hybrid Systems: Automata, Topologies, Controllability,
               Observability},
  booktitle = {HSCC},
  year      = {1992},
  pages     = {317-356},
  ee        = {http://dx.doi.org/10.1007/3-540-57318-6_35},
  bibsource = {DBLP, http://dblp.uni-trier.de}
}
  crossref  = {DBLP:conf/hybrid/1992},

@proceedings{DBLP:conf/hybrid/1992,
  editor    = {Robert L. Grossman and
               Anil Nerode and
               Anders P. Ravn and
               Hans Rischel},
  title     = {HSCC},
  booktitle = {HSCC},
  publisher = springer,
  series    = lncs,
  volume    = 736,
  year      = 1993,
  isbn      = {3-540-57318-6},
  bibsource = {DBLP, http://dblp.uni-trier.de}
}

@ARTICLE{journal/transcom/MerlinF76,
author={ Merlin, P. and Farber, D.},
journal={IEEE Trans. Comm.},
title={Recoverability of Communication Protocols--Implications of a Theoretical Study},
year={1976},
volume={24},
number={9},
pages={ 1036 - 1043},
doi={10.1109/TCOM.1976.1093424},
ISSN={0090-6778}
}

@inproceedings{DBLP:conf/pstv/BolognesiLT90,
  author    = {Tommaso Bolognesi and
               Ferdinando Lucidi and
               Sebastiano Trigila},
  title     = {From timed {P}etri nets to timed {LOTOS}},
  booktitle = {PSTV},
  year      = 1990,
  pages     = {395-408},
  bibsource = {DBLP, http://dblp.uni-trier.de}
}
  crossref  = {DBLP:conf/pstv/1990},

@proceedings{DBLP:conf/pstv/1990,
  editor    = {Luigi Logrippo and
               Robert L. Probert and
               Hasan Ural},
  title     = {Protocol Specification, Testing and Verification X, Proceedings
               of the IFIP WG6.1 Tenth International Symposium on Protocol
               Specification, Testing and Verification, Ottawa, Ontario,
               Canada, 12-15 June, 1990},
  booktitle = {PSTV},
  publisher = {North-Holland},
  year      = 1990,
  isbn      = {0-444-88810-1},
  bibsource = {DBLP, http://dblp.uni-trier.de}
}

@inproceedings{DBLP:conf/apn/Hanisch93,
  author    = {Hans-Michael Hanisch},
  title     = {Analysis of Place/Transition Nets with Timed Arcs and its
               Application to Batch Process Control},
  booktitle = {ATPN},
  year      = 1993,
  pages     = {282-299},
  ee        = {http://dx.doi.org/10.1007/3-540-56863-8_52},
  bibsource = {DBLP, http://dblp.uni-trier.de}
}
  crossref  = {DBLP:conf/apn/1993},

@proceedings{DBLP:conf/apn/1993,
  editor    = {Marco Ajmone Marsan},
  title     = {Application and Theory of Petri Nets 1993, 14th International
               Conference, Chicago, Illinois, USA, June 21-25, 1993, Proceedings},
  booktitle = {Application and Theory of Petri Nets},
  publisher = springer,
  series    = lncs,
  volume    = 691,
  year      = 1993,
  isbn      = {3-540-56863-8},
  bibsource = {DBLP, http://dblp.uni-trier.de}
}

@inproceedings{DBLP:conf/cav/GardeyLMR05,
  author    = {Guillaume Gardey and
               Didier Lime and
               Morgan Magnin and
               Olivier H. Roux},
  title     = {Rom{\'e}o: A Tool for Analyzing Time {P}etri Nets},
  booktitle = {CAV},
  year      = 2005,
  pages     = {418-423},
  ee        = {http://dx.doi.org/10.1007/11513988_41},
  bibsource = {DBLP, http://dblp.uni-trier.de}
}
  crossref  = {DBLP:conf/cav/2005},

@proceedings{DBLP:conf/cav/2005,
  editor    = {Kousha Etessami and
               Sriram K. Rajamani},
  title     = {Computer Aided Verification, 17th International Conference,
               CAV 2005, Edinburgh, Scotland, UK, July 6-10, 2005, Proceedings},
  booktitle = {CAV},
  publisher = springer,
  series    = lncs,
  volume    = 3576,
  year      = 2005,
  isbn      = {3-540-27231-3},
  bibsource = {DBLP, http://dblp.uni-trier.de}
}

@inproceedings{DBLP:conf/hybrid/HenzingerH94a,
  author    = {Thomas A. Henzinger and
               Pei-Hsin Ho},
  title     = {{HYTECH}: The {C}ornell {HY}brid {TECH}nology Tool},
  booktitle = {HSCC},
  year      = 1994,
  pages     = {265-293},
  ee        = {http://dx.doi.org/10.1007/3-540-60472-3_14},
  bibsource = {DBLP, http://dblp.uni-trier.de}
}
  crossref  = {DBLP:conf/hybrid/1994},

@proceedings{DBLP:conf/hybrid/1994,
  editor    = {Panos J. Antsaklis and
               Wolf Kohn and
               Anil Nerode and
               Shankar Sastry},
  title     = {Hybrid Systems II},
  booktitle = {Hybrid Systems},
  publisher = springer,
  series    = lncs,
  volume    = 999,
  year      = 1995,
  isbn      = {3-540-60472-3},
  bibsource = {DBLP, http://dblp.uni-trier.de}
}

@inproceedings{DBLP:conf/cav/GuernicG09,
  author    = {Le Guernic, Colas  and
               Antoine Girard},
  title     = {Reachability Analysis of Hybrid Systems Using Support Functions},
  booktitle = {CAV},
  year      = 2009,
  pages     = {540-554},
  bibsource = {DBLP, http://dblp.uni-trier.de}
}
  crossref  = {DBLP:conf/cav/2009},

@article{DBLP:journals/cacm/BouyerFLM11,
  author    = {Patricia Bouyer and
               Uli Fahrenberg and
               Kim G. Larsen and
               Nicolas Markey},
  title     = {Quantitative Analysis of Real-Time Systems Using Priced
                  Timed Automata},
  journal   = cacm,
  volume    = {54},
  number    = {9},
  year      = {2011},
  pages     = {78-87},
  ee        = {http://doi.acm.org/10.1145/1995376.1995396},
  bibsource = {DBLP, http://dblp.uni-trier.de}
}

@inproceedings{DBLP:conf/cav/BehrmannCDFLL07,
  author    = {Gerd Behrmann and
               Agn{\`e}s Cougnard and
               Alexandre David and
               Emmanuel Fleury and
               Kim Guldstrand Larsen and
               Didier Lime},
  title     = {{UPPAAL-Tiga}: Time for Playing Games!},
  booktitle = {CAV},
  year      = 2007,
  pages     = {121-125},
  ee        = {http://dx.doi.org/10.1007/978-3-540-73368-3_14},
  bibsource = {DBLP, http://dblp.uni-trier.de}
}
  crossref  = {DBLP:conf/cav/2007},

@proceedings{DBLP:conf/cav/2007,
  editor    = {Werner Damm and
               Holger Hermanns},
  title     = {Computer Aided Verification, 19th International Conference,
               CAV 2007, Berlin, Germany, July 3-7, 2007, Proceedings},
  booktitle = {CAV},
  publisher = springer,
  series    = lncs,
  volume    = 4590,
  year      = 2007,
  isbn      = {978-3-540-73367-6},
  bibsource = {DBLP, http://dblp.uni-trier.de}
}

@inproceedings{DBLP:conf/atva/DavidLLNW10,
  author    = {Alexandre David and
               Kim Guldstrand Larsen and
               Axel Legay and
               Ulrik Nyman and
               Andrzej W{\k a}sowski},
  title     = {ECDAR: An Environment for Compositional Design and Analysis
               of Real Time Systems},
  booktitle = {ATVA},
  year      = 2010,
  pages     = {365-370},
  ee        = {http://dx.doi.org/10.1007/978-3-642-15643-4_29},
  bibsource = {DBLP, http://dblp.uni-trier.de}
}
  crossref  = {DBLP:conf/atva/2010},

@proceedings{DBLP:conf/atva/2010,
  editor    = {Ahmed Bouajjani and
               Wei-Ngan Chin},
  title     = {Automated Technology for Verification and Analysis - 8th
               International Symposium, ATVA 2010, Singapore, September
               21-24, 2010. Proceedings},
  booktitle = {ATVA},
  publisher = springer,
  series    = lncs,
  volume    = 6252,
  year      = 2010,
  isbn      = {978-3-642-15642-7},
  ee        = {http://dx.doi.org/10.1007/978-3-642-15643-4},
  bibsource = {DBLP, http://dblp.uni-trier.de}
}

@InProceedings{conf/nwpt/DyhrbergLMRF10,
  author = 	 {Dyhrberg, Jesper and Lu, Qi and Madsen, Michael and
                  Ravn, S{\o}ren and Fahrenberg, Uli},
  title = 	 {Computations on Zones Using Max-Plus Algebra},
  booktitle = {NWPT},
  year = 	 2010
}

@MastersThesis{thesis/LuMR11,
  author = 	 {Lu, Qi and Madsen, Michael and Ravn, S{\o}ren},
  title = 	 {Reachability Analysis for Timed Models Using Max-Plus
                  Algebra},
  school = 	 {Aalborg University},
  year = 	 2011,
}

@MastersThesis{report/LuMMR11,
  author = 	 {Lu, Qi and Madsen, Michael and Milata, Martin and
                  Ravn, S{\o}ren},
  title = 	 {Computations on Zones Using Max-Plus Algebra},
  school = 	 {Aalborg University},
  year = 	 2011,
  type = 	 {Project report},
}

@MastersThesis{thesis/DyhrbergLMR10,
  author = 	 {Dyhrberg, Jesper and Lu, Qi and Madsen, Michael and
                  Ravn, S{\o}ren},
  title = 	 {Computations on Zones Using Max-Plus Algebra},
  school = 	 {Aalborg University},
  year = 	 2010,
  type = 	 {Bachelor's thesis},
}

@Article{journal/compsys/Shor87,
  author = 	 {Shor, Naum Z.},
  title = 	 {Quadratic Optimization Problems},
  journal = 	 {Soviet Journal of Computer and Systems Sciences},
  year = 	 1987,
  volume = 	 25,
  pages = 	 {1-11}
}

@Article{journal/opres/Shor90,
  author = 	 {Shor, Naum Z.},
  title = 	 {Dual Quadratic Estimates in Polynomial and {B}oolean
                  Programming},
  journal = 	 {Annals of Operations Research},
  year = 	 1990,
  volume = 	 25,
  pages = 	 {163-168}
}

@phdthesis{thesis/Allamigeon09,
  author = {Xavier Allamigeon},
  title = {Static analysis of memory manipulations by abstract
                  interpretation --- {A}lgorithmics of tropical
                  polyhedra, and application to abstract interpretation},
  school = {{\'E}cole Polytechnique},
  year = 2009
}

@inproceedings{DBLP:conf/ecrts/MaderW99,
  author =        {Angelika Mader and Hanno Wupper},
  booktitle =     {ECRTS},
  longbooktitle =     {Proc. 11th Euromicro Conference on Real-Time Systems
                   (ECRTS'99)},
  pages =         {106-113},
  publisher =     {IEEE},
  title =         {Timed automaton models for simple programmable logic
                   controllers},
  year =          {1999},
}

@article{DBLP:journals/entcs/TripakisY01,
  author =        {Stavros Tripakis and Sergio Yovine},
  journal =       {ENTCS},
  number =        {2},
  title =         {Timing Analysis and Code Generation of Vehicle
                   Control Software using {TAXYS}},
  volume =        {55},
  year =          {2001},
}

@article{DBLP:journals/entcs/BozgaJMY02,
  author =        {Marius Bozga and Hou Jianmin and Oded Maler and
                   Sergio Yovine},
  journal =       {ENTCS},
  number =        {6},
  title =         {Verification of Asynchronous Circuits using Timed
                   Automata},
  volume =        {65},
  year =          {2002},
}

@inproceedings{HSLL97,
  author =        {Havelund, Klaus and Skou, Arne and Larsen, Kim G. and
                   Lund, Kristian},
  booktitle =     {RTSS'97},
  longbooktitle =     {Proc. 18th IEEE Real-Time Systems Symposium
                   (RTSS'97)},
  pages =         {2--13},
  publisher =     {IEEE},
  title =         {Formal Modeling and Analysis of an Audio/Video
                   Protocol: An Industrial Case Study Using {UPPAAL}},
  year =          {1997},
}

@article{DBLP:journals/corr/abs-0912-1901,
  author =        {Mathijs Schuts and Feng Zhu and
                   Faranak Heidarian and Frits W. Vaandrager},
  journal =       {CoRR},
  title =         {Modelling Clock Synchronization in the {Chess} {gMAC}
                  {WSN} Protocol},
  volume =        {abs/0912.1901},
  year =          {2009},
}

@article{DBLP:journals/rts/WaszniowskiH08,
  author =        {Libor Waszniowski and Zdenek Hanz{\'a}lek},
  journal =       {RTS},
  number =        {1},
  pages =         {39-65},
  title =         {Formal verification of multitasking applications
                   based on timed automata model},
  volume =        {38},
  year =          {2008},
}

@inproceedings{Dierks05b,
  author =        {H.~Dierks},
  booktitle =     {VV\&PS},
  longbooktitle =     {Proc. ICAPS'05 Workshop on Verification and
                   Validation of Model-Based Planning and Scheduling
                   Systems},
  title =         {Finding Optimal Plans for Domains with Continuous
                   Effects with {UPPAAL CORA}},
  year =          {2005},
}

@article{DBLP:journals/sttt/HendriksNV06,
  author =        {Martijn Hendriks and Barend van den Nieuwelaar and
                   Frits W. Vaandrager},
  journal =       {STTT},
  number =        {6},
  pages =         {633-647},
  title =         {Model checker aided design of a controller for a
                   wafer scanner},
  volume =        {8},
  year =          {2006},
}

@inproceedings{DBLP:conf/formats/IgnaKYBGVVSS08,
  author =        {Georgeta Igna and Venkatesh Kannan and Yang Yang and
                   Twan Basten and Marc Geilen and Frits W. Vaandrager and
                   Marc Voorhoeve and Sebastian de Smet and
                   Lou J. Somers},
  booktitle =     {FORMATS},
  longbooktitle =     {Proc. 6th International Conference on Formal Modeling
                   and Analysis of Timed Systems (FORMATS'08)},
  pages =         {170-187},
  publisher =     springer,
  series =        lncs,
  title =         {Formal Modeling and Scheduling of Datapaths of
                   Digital Document Printers},
  volume =        {5215},
  year =          {2008},
}

@inproceedings{DBLP:conf/rtss/AltisenGPSTY99,
  author =        {Karine Altisen and Gregor G{\"o}{\ss}ler and
                   Amir Pnueli and Joseph Sifakis and Stavros Tripakis and
                   Sergio Yovine},
  booktitle =     {RTSS},
  longbooktitle =     {IEEE Real-Time Systems Symposium},
  pages =         {154-163},
  title =         {A Framework for Scheduler Synthesis},
  year =          {1999},
}

@inproceedings{JRLD07,
  author =        {Jessen, Jan J. and Rasmussen, Jacob I. and
                   Larsen, Kim G. and David, Alexandre},
  booktitle =     {FORMATS},
  pages =         {227--240},
  publisher =     springer,
  series =        lncs,
  title =         {Guided Controller Synthesis for Climate Controller
                   Using {UPPAAL TIGA}},
  volume =        {4763},
  year =          {2007},
}

@inproceedings{CJL+09,
  author =        {Cassez, Franck and Jessen, Jan J. and Larsen, Kim G. and
                   Raskin, Jean-Fran\c{c}ois and Reynier, Pierre-Alain},
  booktitle =     {HSCC},
  longbooktitle =     {Proc. 12th International Workshop on Hybrid Systems:
                   Computation and Control (HSCC'09)},
  publisher =     springer,
  series =        lncs,
  title =         {Automatic Synthesis of Robust and Optimal
                   Controllers~--~An Industrial Case Study},
  volume =        {5469},
  year =          {2009},
}

@inproceedings{DBLP:conf/popl/CousotC77,
  author    = {Patrick Cousot and
               Radhia Cousot},
  title     = {Abstract Interpretation: A Unified Lattice Model for Static
               Analysis of Programs by Construction or Approximation of
               Fixpoints},
  booktitle = {POPL},
  year      = {1977},
  pages     = {238-252},
  ee        = {http://doi.acm.org/10.1145/512950.512973},
  bibsource = {DBLP, http://dblp.uni-trier.de}
}


@MISC{NSV4,
AUTHOR="Eric Goubault and Sylvie Putot",
TITLE="Superellipsoids: a generalization of the interval, zonotope and ellipsoid domains",
INSTITUTION="presented at Numerical Software Verification 4",
YEAR=2011
}

@inproceedings{CAV09b,
  author    = {Olivier Bouissou and
               Eric Goubault and
               Sylvie Putot and
               Karim Tekkal and
               Franck V{\'e}drine},
  title     = {HybridFluctuat: A Static Analyzer of Numerical Programs
               within a Continuous Environment},
  booktitle = {CAV},
  year      = {2009},
  pages     = {620-626}
}
  crossref  = {DBLP:conf/cav/2009},

@inproceedings{HSCC11,
  author    = {Sriram Sankaranarayanan},
  title     = {Automatic abstraction of non-linear systems using change
               of bases transformations},
  booktitle = {HSCC},
  year      = {2011},
  pages     = {143-152}
}

@inproceedings{CAV09,
  author    = {Khalil Ghorbal and
               Eric Goubault and
               Sylvie Putot},
  title     = {The Zonotope Abstract Domain {T}aylor1+},
  booktitle = {CAV},
  year      = {2009},
  pages     = {627-633}
}
  crossref  = {DBLP:conf/cav/2009},

@inproceedings{CAV10,
  author    = {Khalil Ghorbal and
               Eric Goubault and
               Sylvie Putot},
  title     = {A Logical Product Approach to Zonotope Intersection},
  booktitle = {CAV},
  year      = {2010},
  pages     = {212-226}
}
  crossref  = {DBLP:conf/cav/2010},



@inproceedings{ESOP07,
  author    = {Stephane Gaubert and
               Eric Goubault and
               Ankur Taly and
               Sarah Zennou},
  title     = {Static Analysis by Policy Iteration on Relational Domains},
  booktitle = {ESOP},
  year      = {2007},
  pages     = {237-252}
}

@inproceedings{VMCAI11,
  author    = {Eric Goubault and
               Sylvie Putot},
  title     = {Static Analysis of Finite Precision Computations},
  booktitle = {VMCAI},
  year      = {2011},
  pages     = {232-247}
}

@inproceedings{HSCC08,
  author    = {Sriram Sankaranarayanan and
               Thao Dang and
               Franjo Ivancic},
  title     = {A Policy Iteration Technique for Time Elapse over Template
               Polyhedra},
  booktitle = {HSCC'08},
  year      = {2008}
}

@inproceedings{DBLP:conf/hybrid/Rodriguez-CarbonellT05,
  author    = {Enric Rodr\'{\i}guez-Carbonell and
               Ashish Tiwari},
  title     = {Generating Polynomial Invariants for Hybrid Systems},
  booktitle = {HSCC},
  pages     = {590-605},
  publisher = springer,
  series    = lncs,
  volume    = {3414},
  year      = {2005}
}

@inproceedings{DBLP:conf/hybrid/Sankaranarayanan10,
  author    = {Sriram Sankaranarayanan},
  title     = {Automatic invariant generation for hybrid systems using
               ideal fixed points},
  booktitle = {HSCC},
  year      = {2010},
  pages     = {221-230},
  publisher = {ACM ACM}
}

@inproceedings{VMCAI05,
  author    = {Sriram Sankaranarayanan and
               Henny B. Sipma and
               Zohar Manna},
  title     = {Scalable Analysis of Linear Systems Using Mathematical Programming},
  booktitle = {VMCAI},
  year      = {2005},
  pages     = {25-41}
}


@INPROCEEDINGS{feret:esop04,
  author    = {J{\'e}r{\^o}me Feret},
  title     = {Static Analysis of Digital Filters},
  booktitle = {European Symposium on Programming (ESOP'04)},
  series    = lncs,
  page      = {33--48},
  number    = {2986},
  year      = {2004},
  publisher = Springer
}

@InProceedings{AllamigeonFGL12,
  author = 	 {Allamigeon, Xavier and Fahrenberg, Uli and Gaubert,
                  St{\'e}phane and Legay, Axel},
  title = 	 {Strict Constraints in Real-Time Verification Using
                  Tropical Methods},
  year = 	 2012,
  note = 	 {Submitted}
}

@unpublished{TPLib,
author={X. Allamigeon},
title={{TPLib}: Tropical Polyhedra Library in {OC}aml},
note={Available at \url{https://gforge.inria.fr/projects/tplib/}}
}

@Unpublished{www/pyecdar,
  author = 	 {Legay, Axel and Traonouez, Marie-Louis},
  title = 	 {{pyECDAR}: Timed Games for Timed Specifications},
  note = 	 {Available at \url{https://project.inria.fr/pyecdar/}}
}

@Unpublished{www/AVACS,
  key = {AVACS},
  title = 	 {{AVACS}: Automatic Verification and Analysis of Complex
                  Systems},
  note = 	 {\url{http://www.avacs.org/}}
}

@Unpublished{www/CMACS,
  key = {CMACS},
  title = 	 {{CMACS}: Computational Modeling and Analysis for Complex
                  Systems},
  note = 	 {\url{http://cmacs.cs.cmu.edu/}}
}

@Article{AkianGaubertGutermanIJAC2011,
  author = {M. Akian and S. Gaubert and A. Guterman},
  title = {Tropical polyhedra are equivalent to mean payoff games},
  journal = 	 {Int. J. Algebra Comput.},
  year = 	 2011,
  note = 	 {To be
                  published. \url{http://dx.doi.org/10.1142/S0218196711006674}}} 
%Eprint arXiv:0912.2462

@unpublished{www/MPGLib,
author={X. Allamigeon and S. Sergeev},
title={{MPGLib}: Mean Payoff Games Library},
note={Available at \url{https://gforge.inria.fr/projects/mpglib/}}
}

@Unpublished{www/opaal,
  author = 	 {Olesen, Mads Chr. and J{\o}rgensen, Kenneth Y.},
  title = 	 {opaal model checker},
  note = 	 {Available at \url{http://opaal-modelchecker.com/}}
}

@Unpublished{www/tapaal,
  author = 	 {Byg, Joakim and J{\o}rgensen, Kenneth Y. and Srba,
                  Ji{\v r}{\'\i}},
  title = 	 {{TAPAAL}: Tool for Verification of Timed-Arc {P}etri Nets},
  note = 	 {Avialable at \url{http://www.tapaal.net/}}
}

@techreport{report/CJJK11,
  title         = "Fast inference of polynomial invariants for
                  imperative programs",
  author        = "David Cachera and Thomas Jensen and Arnaud Jobin and
                  Florent Kirchner",
  type          = "Research Report",
  institution   = "INRIA",
  number        = "{RR}-7627",
  year          = 2011,
}

@article{DBLP:journals/scp/Rodriguez-CarbonellK07,
  author    = {Enric Rodr\'{\i}guez-Carbonell and
               Deepak Kapur},
  title     = {Automatic generation of polynomial invariants of bounded
               degree using abstract interpretation},
  journal   = {Sci. Comput. Program.},
  volume    = {64},
  number    = {1},
  year      = {2007},
  pages     = {54-75},
  ee        = {http://dx.doi.org/10.1016/j.scico.2006.03.003},
  bibsource = {DBLP, http://dblp.uni-trier.de}
}

@article{DBLP:journals/ipl/Muller-OlmS04,
  author    = {Markus M{\"u}ller-Olm and
               Helmut Seidl},
  title     = {Computing polynomial program invariants},
  journal   = {Inf. Process. Lett.},
  volume    = {91},
  number    = {5},
  year      = {2004},
  pages     = {233-244},
  ee        = {http://dx.doi.org/10.1016/j.ipl.2004.05.004},
  bibsource = {DBLP, http://dblp.uni-trier.de}
}

@article{DBLP:journals/mscs/CacheraJJS10,
  author    = {David Cachera and
               Thomas P. Jensen and
               Arnaud Jobin and
               Pascal Sotin},
  title     = {Long-run cost analysis by approximation of linear operators
               over dioids},
  journal   = mscs,
  volume    = {20},
  number    = {4},
  year      = {2010},
  pages     = {589-624},
  ee        = {http://dx.doi.org/10.1017/S0960129510000113},
  bibsource = {DBLP, http://dblp.uni-trier.de}
}

@inproceedings{DBLP:journals/corr/abs-1006-5098,
  author    = {David Cachera and
               Arnaud Jobin},
  title     = {Injecting Abstract Interpretations into Linear Cost Models},
  booktitle = {QAPL},
  year      = {2010},
  pages     = {64-81},
  ee        = {http://dx.doi.org/10.4204/EPTCS.28.5},
  bibsource = {DBLP, http://dblp.uni-trier.de}
}

@phdthesis{thesis/Jobin12,
  author = {Arnaud Jobin},
  title = {Dio\"{\i}des et id\'eaux de polyn\^omes en analyse statique},
  school = {ENS Cachan},
  year = 2012
}

@inproceedings{DBLP:conf/formats/DavidHLP06,
  author    = {Alexandre David and
               John H{\aa}kansson and
               Kim Guldstrand Larsen and
               Paul Pettersson},
  title     = {Model Checking Timed Automata with Priorities Using DBM
               Subtraction},
  booktitle = {FORMATS},
  year      = 2006,
  pages     = {128-142},
  ee        = {http://dx.doi.org/10.1007/11867340_10},
  bibsource = {DBLP, http://dblp.uni-trier.de}
}
  crossref  = {DBLP:conf/formats/2006},

@proceedings{DBLP:conf/formats/2006,
  editor    = {Eugene Asarin and
               Patricia Bouyer},
  title     = {Formal Modeling and Analysis of Timed Systems, 4th International
               Conference, FORMATS 2006, Paris, France, September 25-27,
               2006, Proceedings},
  booktitle = {FORMATS},
  publisher = springer,
  series    = lncs,
  volume    = 4202,
  year      = 2006,
  isbn      = {3-540-45026-2},
  bibsource = {DBLP, http://dblp.uni-trier.de}
}

@inproceedings{DBLP:conf/concur/CassezDFLL05,
  author    = {Franck Cassez and
               Alexandre David and
               Emmanuel Fleury and
               Kim Guldstrand Larsen and
               Didier Lime},
  title     = {Efficient On-the-Fly Algorithms for the Analysis of Timed
               Games},
  booktitle = {CONCUR},
  year      = 2005,
  pages     = {66-80},
  ee        = {http://dx.doi.org/10.1007/11539452_9},
  bibsource = {DBLP, http://dblp.uni-trier.de}
}
  crossref  = {DBLP:conf/concur/2005},

@proceedings{DBLP:conf/concur/2005,
  editor    = {Mart\'{\i}n Abadi and
               Luca de Alfaro},
  title     = {CONCUR 2005 - Concurrency Theory, 16th International Conference,
               CONCUR 2005, San Francisco, CA, USA, August 23-26, 2005,
               Proceedings},
  booktitle = {CONCUR},
  publisher = springer,
  series    = lncs,
  volume    = 3653,
  year      = 2005,
  isbn      = {3-540-28309-9},
  bibsource = {DBLP, http://dblp.uni-trier.de}
}

@inproceedings{DBLP:conf/rtas/TripakisY98,
  author    = {Stavros Tripakis and
               Sergio Yovine},
  title     = {Verification of the Fast Reservation Protocol with Delayed
               Transmission using the Tool {K}ronos},
  booktitle = {RTTAS},
  year      = 1998,
  pages     = {165-},
  ee        = {http://dlib.computer.org/conferen/rtas/8569/pdf/85690165.pdf},
  bibsource = {DBLP, http://dblp.uni-trier.de}
}

@inproceedings{DBLP:conf/cav/MorbePS11,
  author    = {Georges Morb{\'e} and
               Florian Pigorsch and
               Christoph Scholl},
  title     = {Fully Symbolic Model Checking for Timed Automata},
  booktitle = {CAV},
  year      = 2011,
  pages     = {616-632},
  ee        = {http://dx.doi.org/10.1007/978-3-642-22110-1_50},
  bibsource = {DBLP, http://dblp.uni-trier.de}
}
  crossref  = {DBLP:conf/cav/2011},

@proceedings{DBLP:conf/cav/2011,
  editor    = {Ganesh Gopalakrishnan and
               Shaz Qadeer},
  title     = {Computer Aided Verification - 23rd International Conference,
               CAV 2011, Snowbird, UT, USA, July 14-20, 2011. Proceedings},
  booktitle = {CAV},
  publisher = springer,
  series    = lncs,
  volume    = {6806},
  year      = {2011},
  isbn      = {978-3-642-22109-5},
  ee        = {http://dx.doi.org/10.1007/978-3-642-22110-1},
  bibsource = {DBLP, http://dblp.uni-trier.de}
}

@inproceedings{DBLP:conf/rtss/EhlersFGP10,
  author    = {R{\"u}diger Ehlers and
               Daniel Fass and
               Michael Gerke and
               Hans-J{\"o}rg Peter},
  title     = {Fully Symbolic Timed Model Checking Using Constraint Matrix
               Diagrams},
  booktitle = {RTSS},
  year      = 2010,
  pages     = {360-371},
  ee        = {http://dx.doi.org/10.1109/RTSS.2010.36},
  bibsource = {DBLP, http://dblp.uni-trier.de}
}
  crossref  = {DBLP:conf/rtss/2010},

@proceedings{DBLP:conf/rtss/2010,
  title     = {Proceedings of the 31st IEEE Real-Time Systems Symposium,
               RTSS 2010, San Diego, California, USA, November 30 - December
               3, 2010},
  booktitle = {IEEE Real-Time Systems Symposium},
  publisher = {IEEE Computer Society},
  year      = 2010,
  isbn      = {978-0-7695-4298-0},
  bibsource = {DBLP, http://dblp.uni-trier.de}
}

@inproceedings{DBLP:conf/cav/SeshiaB03,
  author    = {Sanjit A. Seshia and
               Randal E. Bryant},
  title     = {Unbounded, Fully Symbolic Model Checking of Timed Automata
               using {B}oolean Methods},
  booktitle = {CAV},
  year      = 2003,
  pages     = {154-166},
  ee        = {http://springerlink.metapress.com/openurl.asp?genre=article{\&}issn=0302-9743{\&}volume=2725{\&}spage=154},
  bibsource = {DBLP, http://dblp.uni-trier.de}
}
  crossref  = {DBLP:conf/cav/2003},

@proceedings{DBLP:conf/cav/2003,
  editor    = {Warren A. Hunt Jr. and
               Fabio Somenzi},
  title     = {Computer Aided Verification, 15th International Conference,
               CAV 2003, Boulder, CO, USA, July 8-12, 2003, Proceedings},
  booktitle = {CAV},
  publisher = springer,
  series    = lncs,
  volume    = 2725,
  year      = 2003,
  isbn      = {3-540-40524-0},
  bibsource = {DBLP, http://dblp.uni-trier.de}
}

@inproceedings{DBLP:conf/tacas/Wang00,
  author    = {Farn Wang},
  title     = {Efficient Data Structure for Fully Symbolic Verification
               of Real-Time Software Systems},
  booktitle = {TACAS},
  year      = 2000,
  pages     = {157-171},
  ee        = {http://dx.doi.org/10.1007/3-540-46419-0_12},
  bibsource = {DBLP, http://dblp.uni-trier.de}
}
  crossref  = {DBLP:conf/tacas/2000},

@proceedings{DBLP:conf/tacas/2000,
  editor    = {Susanne Graf and
               Michael I. Schwartzbach},
  title     = {Tools and Algorithms for Construction and Analysis of Systems,
               6th International Conference, TACAS 2000, Held as Part of
               the European Joint Conferences on the Theory and Practice
               of Software, ETAPS 2000, Berlin, Germany, March 25 - April
               2, 2000, Proceedings},
  booktitle = {TACAS},
  publisher = springer,
  series    = lncs,
  volume    = 1785,
  year      = 2000,
  isbn      = {3-540-67282-6},
  bibsource = {DBLP, http://dblp.uni-trier.de}
}

@article{DBLP:journals/corr/abs-1111-5223,
  author    = {Assal{\'e} Adj{\'e} and
               St{\'e}phane Gaubert and
               Eric Goubault},
  title     = {Coupling policy iteration with semi-definite relaxation
               to compute accurate numerical invariants in static analysis},
  journal   = lmcs,
  volume    = {8},
  number    = {1},
  year      = {2011}
}


@Book{Saclay:Gruber,
	LONGAUTHOR = "Peter M. Gruber",
AUTHOR = "P. M. Gruber",
	TITLE = "Convex and discrete geometry",
	SILENTSERIES = "Grundlehren der Mathematischen Wissenschaften [Fundamental Principles of Mathematical Sciences]",
	SILENTVOLUME = "336",
	PUBLISHER = springer,
	ADDRESS = "Berlin",
	YEAR = "2007",
	PAGES = "xiv+578",
	ISBN = "978-3-540-71132-2",
	MRCLASS = "52-02 (11-02 46B20 49-02 49J53 90C25)",
	MRNUMBER = "2335496 (2008f:52001)",
	MRREVIEWER = "Aleksandr Koldobsky"
}

@Unpublished{www/ppl,
  author = 	 {Bagnara, Roberto and Hill, Patricia and Zaffanella,
                  Enea and Bagnara, Abramo},
  title = 	 {{PPL}: {P}arma Polyhedra Library},
  note = 	 {Available at \url{http://bugseng.com/products/ppl}}
}

@inproceedings{GirardLeguernicMaler2008,
  author    = {Antoine Girard and
               Le Guernic, Colas  and
               Oded Maler},
  title     = {Efficient Computation of Reachable Sets of Linear Time-Invariant
               Systems with Inputs},
  booktitle = {HSCC},
  year      = 2006,
  pages     = {257-271},
  ee        = {http://dx.doi.org/10.1007/11730637_21},
  bibsource = {DBLP, http://dblp.uni-trier.de}
}
  crossref  = {DBLP:conf/hybrid/2006},

@proceedings{DBLP:conf/hybrid/2006,
  editor    = {Jo{\~a}o P. Hespanha and
               Ashish Tiwari},
  title     = {Hybrid Systems: Computation and Control, 9th International
               Workshop, HSCC 2006, Santa Barbara, CA, USA, March 29-31,
               2006, Proceedings},
  booktitle = {HSCC},
  publisher = springer,
  series    = lncs,
  volume    = 3927,
  year      = 2006,
  isbn      = {3-540-33170-0},
  bibsource = {DBLP, http://dblp.uni-trier.de}
}

@inproceedings{DBLP:conf/fsttcs/JurdzinskiT08,
  author    = {Marcin Jurdzinski and
               Ashutosh Trivedi},
  title     = {Average-Time Games},
  booktitle = {FSTTCS},
  year      = 2008,
  pages     = {340-351},
  ee        = {http://dx.doi.org/10.4230/LIPIcs.FSTTCS.2008.1765},
  bibsource = {DBLP, http://dblp.uni-trier.de}
}
  crossref  = {DBLP:conf/fsttcs/2008},

@proceedings{DBLP:conf/fsttcs/2008,
  editor    = {Ramesh Hariharan and
               Madhavan Mukund and
               V. Vinay},
  title     = {IARCS Annual Conference on Foundations of Software Technology
               and Theoretical Computer Science, FSTTCS 2008, December
               9-11, 2008, Bangalore, India},
  booktitle = {FSTTCS},
  publisher = {Schloss Dagstuhl - Leibniz-Zentrum fuer Informatik},
  series    = {LIPIcs},
  volume    = 2,
  year      = 2008,
  bibsource = {DBLP, http://dblp.uni-trier.de}
}

@inproceedings{DBLP:conf/emsoft/AlurT11,
  author    = {Rajeev Alur and
               Ashutosh Trivedi},
  title     = {Relating average and discounted costs for quantitative analysis
               of timed systems},
  booktitle = {EMSOFT},
  year      = 2011,
  pages     = {165-174},
  ee        = {http://doi.acm.org/10.1145/2038642.2038668},
  bibsource = {DBLP, http://dblp.uni-trier.de}
}
  crossref  = {DBLP:conf/emsoft/2011},

@proceedings{DBLP:conf/emsoft/2011,
  editor    = {Samarjit Chakraborty and
               Ahmed Jerraya and
               Sanjoy K. Baruah and
               Sebastian Fischmeister},
  title     = {Proceedings of the 11th International Conference on Embedded
               Software, EMSOFT 2011, part of the Seventh Embedded Systems
               Week, ESWeek 2011, Taipei, Taiwan, October 9-14, 2011},
  booktitle = {EMSOFT},
  publisher = {ACM},
  year      = 2011,
  isbn      = {978-1-4503-0714-7},
  bibsource = {DBLP, http://dblp.uni-trier.de}
}

@article{DBLP:journals/corr/abs-0910-2891,
  author    = {Marcin Jurdzinski and
               Ashutosh Trivedi},
  title     = {Average-Time Games on Timed Automata},
  journal   = {CoRR},
  volume    = {abs/0910.2891},
  year      = 2009,
  ee        = {http://arxiv.org/abs/0910.2891},
  bibsource = {DBLP, http://dblp.uni-trier.de}
}

@inproceedings{DBLP:conf/hybrid/BouyerBL04,
  author    = {Patricia Bouyer and
               Ed Brinksma and
               Kim Guldstrand Larsen},
  title     = {Staying Alive as Cheaply as Possible},
  booktitle = {HSCC},
  year      = 2004,
  pages     = {203-218},
  ee        = {http://dx.doi.org/10.1007/978-3-540-24743-2_14},
  bibsource = {DBLP, http://dblp.uni-trier.de}
}
  crossref  = {DBLP:conf/hybrid/2004},

@proceedings{DBLP:conf/hybrid/2004,
  editor    = {Rajeev Alur and
               George J. Pappas},
  title     = {Hybrid Systems: Computation and Control, 7th International
               Workshop, HSCC 2004, Philadelphia, PA, USA, March 25-27,
               2004, Proceedings},
  booktitle = {HSCC},
  publisher = springer,
  series    = lncs,
  volume    = 2993,
  year      = 2004,
  isbn      = {3-540-21259-0},
  bibsource = {DBLP, http://dblp.uni-trier.de}
}

@article{DBLP:journals/entcs/FahrenbergL09,
  author    = {Ulrich Fahrenberg and
               Kim Guldstrand Larsen},
  title     = {Discount-Optimal Infinite Runs in Priced Timed Automata},
  journal   = {ENTCS},
  volume    = 239,
  year      = 2009,
  pages     = {179-191},
  ee        = {http://dx.doi.org/10.1016/j.entcs.2009.05.039},
  bibsource = {DBLP, http://dblp.uni-trier.de}
}

@article{DBLP:journals/entcs/FahrenbergL09a,
  author    = {Ulrich Fahrenberg and
               Kim Guldstrand Larsen},
  title     = {Discounting in Time},
  journal   = {ENTCS},
  volume    = 253,
  number    = 3,
  year      = 2009,
  pages     = {25-31},
  ee        = {http://dx.doi.org/10.1016/j.entcs.2009.10.003},
  bibsource = {DBLP, http://dblp.uni-trier.de}
}

@article{DBLP:journals/fmsd/BouyerBL08,
  author    = {Patricia Bouyer and
               Ed Brinksma and
               Kim Guldstrand Larsen},
  title     = {Optimal infinite scheduling for multi-priced timed automata},
  journal   = fmsd,
  volume    = 32,
  number    = 1,
  year      = 2008,
  pages     = {3-23},
  ee        = {http://dx.doi.org/10.1007/s10703-007-0043-4},
  bibsource = {DBLP, http://dblp.uni-trier.de}
}

@inproceedings{DBLP:conf/hybrid/AlurTP01,
  author    = {Rajeev Alur and
               Salvatore La Torre and
               George J. Pappas},
  title     = {Optimal Paths in Weighted Timed Automata},
  booktitle = {HSCC},
  year      = 2001,
  pages     = {49-62},
  ee        = {http://dx.doi.org/10.1007/3-540-45351-2_8},
  bibsource = {DBLP, http://dblp.uni-trier.de}
}
  crossref  = {DBLP:conf/hybrid/2001},

@inproceedings{DBLP:conf/hybrid/BehrmannFHLPRV01,
  author    = {Gerd Behrmann and
               Ansgar Fehnker and
               Thomas Hune and
               Kim Guldstrand Larsen and
               Paul Pettersson and
               Judi Romijn and
               Frits W. Vaandrager},
  title     = {Minimum-Cost Reachability for Priced Timed Automata},
  booktitle = {HSCC},
  year      = 2001,
  pages     = {147-161},
  ee        = {http://dx.doi.org/10.1007/3-540-45351-2_15},
  bibsource = {DBLP, http://dblp.uni-trier.de}
}
  crossref  = {DBLP:conf/hybrid/2001},

@proceedings{DBLP:conf/hybrid/2001,
  editor    = {Maria Domenica Di Benedetto and
               Alberto L. Sangiovanni-Vincentelli},
  title     = {Hybrid Systems: Computation and Control, 4th
                  International Workshop, HSCC 2001, Rome, Italy, March
                  28-30, 2001, Proceedings},
  booktitle = {HSCC},
  publisher = springer,
  series    = lncs,
  volume    = 2034,
  year      = 2001,
  isbn      = {3-540-41866-0},
  bibsource = {DBLP, http://dblp.uni-trier.de}
}

@inproceedings{DBLP:conf/cav/LarsenBBFHPR01,
  author    = {Kim Guldstrand Larsen and
               Gerd Behrmann and
               Ed Brinksma and
               Ansgar Fehnker and
               Thomas Hune and
               Paul Pettersson and
               Judi Romijn},
  title     = {As Cheap as Possible: Efficient Cost-Optimal Reachability
               for Priced Timed Automata},
  booktitle = {CAV},
  year      = 2001,
  pages     = {493-505},
  ee        = {http://dx.doi.org/10.1007/3-540-44585-4_47},
  bibsource = {DBLP, http://dblp.uni-trier.de}
}
  crossref  = {DBLP:conf/cav/2001},

@proceedings{DBLP:conf/cav/2001,
  editor    = {G{\'e}rard Berry and
               Hubert Comon and
               Alain Finkel},
  title     = {Computer Aided Verification, 13th International Conference,
               CAV 2001, Paris, France, July 18-22, 2001, Proceedings},
  booktitle = {CAV},
  publisher = springer,
  series    = lncs,
  volume    = 2102,
  year      = 2001,
  isbn      = {3-540-42345-1},
  bibsource = {DBLP, http://dblp.uni-trier.de}
}

@proceedings{DBLP:conf/cav/2009,
  editor    = {Ahmed Bouajjani and
               Oded Maler},
  title     = {Computer Aided Verification, 21st International Conference,
               CAV 2009, Grenoble, France, June 26 - July 2, 2009. Proceedings},
  booktitle = {CAV},
  publisher = springer,
  series    = lncs,
  volume    = {5643},
  year      = {2009},
  isbn      = {978-3-642-02657-7},
  ee        = {http://dx.doi.org/10.1007/978-3-642-02658-4},
  bibsource = {DBLP, http://dblp.uni-trier.de}
}

@proceedings{DBLP:conf/cav/2010,
  editor    = {Tayssir Touili and
               Byron Cook and
               Paul Jackson},
  title     = {Computer Aided Verification, 22nd International Conference,
               CAV 2010, Edinburgh, UK, July 15-19, 2010. Proceedings},
  booktitle = {CAV},
  publisher = springer,
  series    = lncs,
  volume    = {6174},
  year      = {2010},
  isbn      = {978-3-642-14294-9},
  ee        = {http://dx.doi.org/10.1007/978-3-642-14295-6},
  bibsource = {DBLP, http://dblp.uni-trier.de}
}

@inproceedings{DBLP:conf/formats/JurdzinskiT08,
  author    = {Marcin Jurdzinski and
               Ashutosh Trivedi},
  title     = {Concavely-Priced Timed Automata},
  booktitle = {FORMATS},
  year      = 2008,
  pages     = {48-62},
  ee        = {http://dx.doi.org/10.1007/978-3-540-85778-5_5},
  bibsource = {DBLP, http://dblp.uni-trier.de},
crossref  = {DBLP:conf/formats/2008},
}
  

@inproceedings{DBLP:conf/hybrid/BouyerFLM10,
  author    = {Patricia Bouyer and
               Uli Fahrenberg and
               Kim G. Larsen and
               Nicolas Markey},
  title     = {Timed automata with observers under energy constraints},
  booktitle = {HSCC},
  year      = 2010,
  pages     = {61-70},
  ee        = {http://doi.acm.org/10.1145/1755952.1755963},
  bibsource = {DBLP, http://dblp.uni-trier.de},
crossref  = {DBLP:conf/hybrid/2010},
}
  

@proceedings{DBLP:conf/hybrid/2010,
  editor    = {Karl Henrik Johansson and
               Wang Yi},
  title     = {Proceedings of the 13th ACM International Conference on
               Hybrid Systems: Computation and Control, HSCC 2010, Stockholm,
               Sweden, April 12-15, 2010},
  booktitle = {HSCC},
  publisher = {ACM ACM},
  year      = 2010,
  isbn      = {978-1-60558-955-8},
  bibsource = {DBLP, http://dblp.uni-trier.de}
}

@inproceedings{DBLP:conf/formats/BouyerFLMS08,
  author    = {Patricia Bouyer and
               Ulrich Fahrenberg and
               Kim Guldstrand Larsen and
               Nicolas Markey and
               Ji{\v r}\'{\i} Srba},
  title     = {Infinite Runs in Weighted Timed Automata with Energy
                  Constraints},
  booktitle = {FORMATS},
  year      = 2008,
  pages     = {33-47},
  ee        = {http://dx.doi.org/10.1007/978-3-540-85778-5_4},
  bibsource = {DBLP, http://dblp.uni-trier.de},
 crossref  = {DBLP:conf/formats/2008},
}
 

@proceedings{DBLP:conf/formats/2008,
  editor    = {Franck Cassez and
               Claude Jard},
  title     = {Formal Modeling and Analysis of Timed Systems, 6th International
               Conference, FORMATS 2008, Saint Malo, France, September
               15-17, 2008. Proceedings},
  booktitle = {FORMATS},
  publisher = springer,
  series    = lncs,
  volume    = 5215,
  year      = 2008,
  isbn      = {978-3-540-85777-8},
  bibsource = {DBLP, http://dblp.uni-trier.de}
}

@inproceedings{HSCC05,
  author    = {Antoine Girard},
  title     = {Reachability of Uncertain Linear Systems Using Zonotopes},
  booktitle = {HSCC},
  year      = {2005},
  pages     = {291-305},
  ee        = {http://dx.doi.org/10.1007/978-3-540-31954-2_19},
  bibsource = {DBLP, http://dblp.uni-trier.de},
}
  

@article{arxiv2,
  author    = {Eric Goubault and
               Sylvie Putot},
  title     = {A zonotopic framework for functional abstractions},
  journal   = {CoRR},
  volume    = {abs/0910.1763},
  year      = {2009},
  ee        = {http://arxiv.org/abs/0910.1763},
  bibsource = {DBLP, http://dblp.uni-trier.de}
}

@inproceedings{HSCC08b,
  author    = {Antoine Girard and
               Le Guernic, Colas},
  title     = {Zonotope/Hyperplane Intersection for Hybrid Systems Reachability
               Analysis},
  booktitle = {HSCC},
  year      = {2008},
  pages     = {215-228},
  ee        = {http://dx.doi.org/10.1007/978-3-540-78929-1_16},
  bibsource = {DBLP, http://dblp.uni-trier.de}
}
  crossref  = {DBLP:conf/hybrid/2008},

@proceedings{DBLP:conf/hybrid/2008,
  editor    = {Magnus Egerstedt and
               Bud Mishra},
  title     = {Hybrid Systems: Computation and Control, 11th International
               Workshop, HSCC 2008, St. Louis, MO, USA, April 22-24, 2008.
               Proceedings},
  booktitle = {HSCC},
  publisher = springer,
  series    = lncs,
  volume    = 4981,
  year      = 2008,
  isbn      = {978-3-540-78928-4},
  bibsource = {DBLP, http://dblp.uni-trier.de}
}

@inproceedings{BFLS05,
  author =	 {S\'{e}bastien Bardin and Alain Finkel and J\'{e}r\^{o}me
                  Leroux and Philippe Schnoebelen},
  title =	 {Flat acceleration in symbolic model checking},
  booktitle =	 {Automated Technology for Verification and Analysis},
  year =	 {2005},
  publisher =	 springer,
  series = lncs,
  volume = {3707},
  pages = {474--488}
}

@inproceedings{GH06,
  author =	 {L. Gonnord and N. Halbwachs},
  title =	 {Combining widening and acceleration in linear relation
                  analysis},
  booktitle =	 {Static Analysis Symposium},
  year =	 {2006},
  pages = {144--160},
  publisher = springer,
  series = lncs,
  volume    = {4134},
}
@article{DBLP:journals/entcs/AncourtCI10,
  author    = {Corinne Ancourt and
               Fabien Coelho and
               Fran\c{c}ois Irigoin},
  title     = {A Modular Static Analysis Approach to Affine Loop Invariants
               Detection},
  journal   = entcs,
  volume    = 267,
  number    = 1,
  year      = 2010,
  pages     = {3-16},
  ee        = {http://dx.doi.org/10.1016/j.entcs.2010.09.002},
  bibsource = {DBLP, http://dblp.uni-trier.de}
}

@inproceedings{BBCP11,
  author =       {Albert Benveniste and Timothy Bourke and Beno\^{\i}t
                  Caillaud and Marc Pouzet},
  title =        {A hybrid synchronous language with hierarchical automata:
                  static typing and translation to synchronous code},
  booktitle =    {Embedded Software, EMSOFT'11},
  pages =        {137-148},
  ee =           {http://doi.acm.org/10.1145/2038642.2038664},
  publisher =    {ACM},
  year =         {2011}
}
@inproceedings{CPHP87,
  author =       {Caspi, P. and Pilaud, D. and Halbwachs, N. and Plaice,
                  J. A.},
  title =        {{LUSTRE}: a declarative language for real-time programming},
  booktitle =    {Principles of Programming Languages, POPL'87},
  year =         {1987},
  pages =        {178--188},
  publisher =    {ACM}
}
@inproceedings{DBLP:conf/cav/AsarinDM02,
  author    = {Eugene Asarin and
               Thao Dang and
               Oded Maler},
  title     = {The d/dt Tool for Verification of Hybrid Systems},
  booktitle = {CAV},
  year      = 2002,
  pages     = {365-370},
  ee        = {http://dx.doi.org/10.1007/3-540-45657-0_30},
  bibsource = {DBLP, http://dblp.uni-trier.de},
crossref  = {DBLP:conf/cav/2002},
}
  

@proceedings{DBLP:conf/cav/2002,
  editor    = {Ed Brinksma and
               Kim Guldstrand Larsen},
  title     = {Computer Aided Verification, 14th International Conference,
               CAV 2002,Copenhagen, Denmark, July 27-31, 2002, Proceedings},
  booktitle = {CAV},
  publisher = springer,
  series    = lncs,
  volume    = 2404,
  year      = 2002,
  isbn      = {3-540-43997-8},
  bibsource = {DBLP, http://dblp.uni-trier.de}
}

@inproceedings{DBLP:conf/hybrid/ChutinanK99,
  author    = {Alongkrit Chutinan and
               Bruce H. Krogh},
  title     = {Verification of Polyhedral-Invariant Hybrid Automata Using
               Polygonal Flow Pipe Approximations},
  booktitle = {HSCC},
  year      = 1999,
  pages     = {76-90},
  ee        = {http://dx.doi.org/10.1007/3-540-48983-5_10},
  bibsource = {DBLP, http://dblp.uni-trier.de},
crossref  = {DBLP:conf/hybrid/1999},
}
 

@proceedings{DBLP:conf/hybrid/1999,
  editor    = {Frits W. Vaandrager and
               Jan H. van Schuppen},
  title     = {Hybrid Systems: Computation and Control, Second International
               Workshop, HSCC'99, Berg en Dal, The Netherlands, March 29-31,
               1999, Proceedings},
  booktitle = {HSCC},
  publisher = springer,
  series    = lncs,
  volume    = 1569,
  year      = 1999,
  isbn      = {3-540-65734-7},
  bibsource = {DBLP, http://dblp.uni-trier.de}
}

@inproceedings{ATVA11,
  author    = {Pascal Sotin and
               Bertrand Jeannet and
               Franck V{\'e}drine and
               Eric Goubault},
  title     = {Policy Iteration within Logico-Numerical Abstract Domains},
  booktitle = {ATVA},
  year      = {2011},
  pages     = {290-305}
}

@Unpublished{www/bddapron,
  author = 	 {Jeannet, Bertrand},
  title = 	 {Bddapron},
  note = 	 {Available at
                  \url{http://www.inrialpes.fr/pop-art/people/bjeannet/bjeannet-forge/bddapron/}}
}

@Article{SJ12b,
  author =       {Peter Schrammel and Bertrand Jeannet},
  title =        {Applying abstract acceleration to (co-)reachability
                  analysis of reactive programs},
  journal =      {Journal of Symbolic Computation},
  year =         {2012},
  note =         {to appear},
  ee =           {http://dx.doi.org/10.1016/j.jsc.2011.12.051}
}
@inproceedings{SJ11a,
  author =       {Peter Schrammel and Bertrand Jeannet},
  title =        {Logico-Numerical Abstract Acceleration and Application to
                  the Verification of Data-Flow Programs},
  booktitle =    {Static Analysis Symposium, SAS'11},
  year =         {2011},
  pages =        {233-248},
  ee =           {http://dx.doi.org/10.1007/978-3-642-23702-7_19},
  series =       lncs,
  volume =       {6887},
  x-editorial-board ={yes},
  x-proceedings ={yes},
  x-international-audience ={yes}
}
@inproceedings{jeannetmine09,
  author =	 {B. Jeannet and A. Min\'e},
  title =	 {{APRON}: A Library of Numerical Abstract Domains for Static
                  Analysis},
  booktitle =	 {CAV},
  year =	 {2009},
  volume =	 {5643},
  series =	 lncs,
  pages =	 {661-667},
  note =	 {\url{http://apron.cri.ensmp.fr/library/}},
  x-editorial-board ={yes},
  x-proceedings ={yes},
  x-international-audience ={yes}
}


@InProceedings{SJ12,
  author =       {Peter Schrammel and Bertrand Jeannet},
  title =        {From Hybrid Data-Flow Languages to Hybrid Automata: A
                  Complete Translation},
  booktitle =    {Hybrid Systems: Computation and Control, HSCC'12},
  year =         {2012},
  publisher =    {ACM},
  note =         {to appear},
}
@inproceedings{LJG11,
  author    = {Lies Lakhdar-Chaouch and
               Bertrand Jeannet and
               Alain Girault},
  title     = {Widening with Thresholds for Programs with Complex Control
               Graphs},
  booktitle = {Automated Technology for Verification and Analysis, ATVA'11},
  pages     = {492-502},
  ee        = {http://dx.doi.org/10.1007/978-3-642-24372-1_38},
  Series    = lncs,
  volume    = {6996},
  year      = {2011},
  x-editorial-board ={yes},
  x-proceedings ={yes},
  x-international-audience ={yes}
}

@inproceedings{SJ10a,
  author =	 {Peter Schrammel and Bertrand Jeannet},
  title =	 {Extending Abstract Acceleration to Data-Flow Programs with
                  Numerical Inputs},
  booktitle =	 {Int. Workshop on Numerical and Symbolic Abstract Domains,
                  NSAD'2010},
  year =	 {2010},
  series =	 {ENTCS},
  pages =	 {101--114},
  volume =	 {267},
  number =	 {1},
  publisher =	 {Elsevier},
  ee =		 {http://dx.doi.org/10.1016/j.entcs.2010.09.009},
  x-proceedings ={yes},
  x-editorial-board ={yes},
  x-international-audience ={yes}
}
@article{briandjeannet10,
  author =	 {X. Briand and B. Jeannet},
  title =	 {Combining control and data abstraction in the verification
                  of hybrid systems},
  journal =	 {Transactions on Computer-Aided Design of Integrated
                  Circuits and Systems (TCAD)},
  year =	 {2010},
  publisher =	 {IEEE},
  volume =	 {29},
  number =	 {10},
  x-editorial-board ={yes},
  x-international-audience ={yes},
  OPTurl =
                  {http://pop-art.inrialpes.fr/people/bjeannet/publications/tcad10.pdf},
  doi =		 {http://dx.doi.org/10.1109/TCAD.2010.2066010}
}
@article{AlurDangIvancicTECS03,
       author="R. Alur and T. Dang and F. Ivancic",
       title="Reachability Analysis of Hybrid Systems via Predicate Abstraction",
       journal="ACM transactions on embedded computing systems (TECS)",
       volume ="5(2)",
       pages= "152-199",
       year="2006"
}

@article{AlurHenzingerLafferrierePappas00,
        author = "R. Alur and T.A. Henzinger and G. Lafferriere and G. Pappas",
        title ="Discrete Abstractions of Hybrid systems",
        journal= pieee,
	volume="88",
  number = 7,
  pages = {971-984},
	year = "2000"
}

@inproceedings{AsarinBournezDangMaler00,
        author = "E. Asarin and O. Bournez and T. Dang and O. Maler",
        title ="Approximate Reachability Analysis of Piecewise-Linear Dynamical Systems",
        booktitle= "HSCC",
	series=lncs,
volume=1790,
        publisher=springer,
	year = "2000",
	pages="20--31"
}
        editor="B. Krogh and N. Lynch",

@inproceedings{AsarinDang04,
        author = "E. Asarin and T. Dang",
        title ="Abstraction by Projection",
        booktitle= "HSCC",
	series=lncs,
volume=2993,
        publisher=springer,
	year = "2004",
	pages="32--47"
}
        editor="R. Alur and G. Pappas",

@article{AsarinDangGirard07,
  author    = "E. Asarin and
               T. Dang and
               A. Girard",
  title     = "Hybridization methods for the analysis of nonlinear systems",
  journal   = "Acta Informatica.",
  volume    = "43",
  number    = "7",
  year      = "2007",
  pages     = "451-476"
}


@InProceedings{checkmate00,
author={B.I.~Silva and K.~Richeson and B.H.~Krogh and A.~Chutinan},
title={Modeling and verifying hybrid dynamical systems using {CheckMate}},
booktitle={ADPM},
year=2000
}

@article{Clarke-abs-hs03,
  author    = {Edmund M. Clarke and
               Ansgar Fehnker and
               Zhi Han and
               Bruce H. Krogh and
               Jo{\"e}l Ouaknine and
               Olaf Stursberg and
               Michael Theobald},
  title     = {Abstraction and Counterexample-Guided Refinement in Model
               Checking of Hybrid Systems.},
  journal   = {Int. J. Found. Comput. Sci.},
  volume    = {14},
  number    = {4},
  year      = {2003},
  pages     = {583-604}
}

@inproceedings{DangMaler98,
        author = "T. Dang and O. Maler",
        title ="Reachability Analysis via Face Lifting",
        booktitle= "HSCC",
	series=lncs,
volume=1386,
        publisher=springer,
	year = "1998",
	pages="96--109"
}
        editor="T.A. Henzinger and S. Sastry",

@article{DangLeGuernicMaler-TCS09,
  author    = {Thao Dang and
                Le Guernic, Colas and
               Oded Maler},
  title     = {Computing reachable states for nonlinear biological models},
  journal   = tcs,
  volume    = 412,
  number    = 21,
  year      = 2011,
  pages     = {2095-2107},
  ee        = {http://dx.doi.org/10.1016/j.tcs.2011.01.014},
  bibsource = {DBLP, http://dblp.uni-trier.de}
}

@inproceedings{Girard05,
        author="A. Girard",
        title="Reachability of uncertain linear systems using zonotopes",
        booktitle="Hybrid Systems : Computation and Control",
        editor=" ",
	series=lncs,
volume=3414,
        publisher=springer,
	year="2005",
	pages="291--305 "
}




@inproceedings{GreenstreetMitchell98,
        author = "M.R. Greenstreet and I. Mitchell",
        title ="Integrating Projections",
        booktitle= "HSCC",
	series=lncs,
volume=1386,
        publisher=springer,
	year = "1998",
	pages="159--1740"
}
        editor="T.A. Henzinger and S. Sastry",

@inproceedings{kurzhanskiy06ellipsoidal,
    author = "A. A. Kurzhanskiy and P. Varaiya",
    title = "Ellipsoidal Toolbox {(ET)}",
    booktitle = "CDC",
    year = "2006" }

@inproceedings{KurzhanskiVaraiya00,
        author = "A. Kurzhanski and  P. Varaiya ",
        title ="Ellipsoidal Techniques for Reachability Analysis",
        booktitle= "HSCC",
	series=lncs,
volume=1790,
        publisher=springer,
	year = "2000",
	pages="202--214"
}
        editor="B. Krogh and N. Lynch",


@MISC{Morari2004,
  author  = {M. Kvasnica and P. Grieder and M. Baoti\'{c}},
  title   = {{Multi-Parametric Toolbox (MPT)}},
  url     = {http://control.ee.ethz.ch/~mpt/},
  year    = {2004},
}

@inproceedings{MitchellTempleton05,
	author="Ian M. Mitchell and Jeremy A. Templeton",
	title="A Toolbox of {Hamilton-Jacobi} Solvers for Analysis of Nondeterministic Continuous and Hybrid Systems",
	booktitle= "HSCC",
	series=lncs,
        publisher=springer,
	year = "2005"
}


@inproceedings{PrajnaJadbabaie04,
  author    = {Stephen Prajna and
               Ali Jadbabaie},
  title     = {Safety Verification of Hybrid Systems Using Barrier Certificates.},
  booktitle = {HSCC},
	       publisher = springer,
  series    = lncs,
  volume    = {2993},
  year      = {2004},
  pages     = {477-492}
}
  editor    = {Rajeev Alur and
               George J. Pappas},

@inproceedings{TiwariKhanna02,
        author={A. Tiwari and G. Khanna},
	title={Series of Abstractions for Hybrid Automata},
	booktitle={HSCC},
	pages={465-478},
	year=2002,
	series=lncs,
volume=2289,
	publisher=springer,
}
	editor="C. Tomlin and M.R. Greenstreet"

@inproceedings{TiwariKhanna04,
  author    = {Ashish Tiwari and Gaurav Khanna},
  title     = {Nonlinear Systems: Approximating Reach Sets.},
	booktitle={HSCC},
  publisher = springer,
  series    = lncs,
  volume    = {2993},
  year      = {2004},
  pages     = {600-614},
}


@article{TomlinMitchellBayenOishi03,
	author = "C. Tomlin and I. Mitchell and A. Bayen and M. Oishi", 	
	title = "Computational techniques for the verification of hybrid systems",
  	journal = pieee,	
	volume = "91",
	number = "7",
	pages = "986--1001",
	year = "2003"
}

@inproceedings{DangGawlitza2011APLAS,
  author    = {Thao Dang and
               Thomas Martin Gawlitza},
  title     = {Template-Based Unbounded Time Verification of Affine Hybrid
               Automata},
  booktitle = {APLAS},
  year      = 2011,
  pages     = {34-49},
  ee        = {http://dx.doi.org/10.1007/978-3-642-25318-8_6},
  bibsource = {DBLP, http://dblp.uni-trier.de}
}
  crossref  = {DBLP:conf/aplas/2011},

@proceedings{DBLP:conf/aplas/2011,
  editor    = {Hongseok Yang},
  title     = {Programming Languages and Systems - 9th Asian Symposium,
               APLAS 2011, Kenting, Taiwan, December 5-7, 2011. Proceedings},
  booktitle = {APLAS},
  publisher = springer,
  series    = lncs,
  volume    = 7078,
  year      = 2011,
  isbn      = {978-3-642-25317-1},
  ee        = {http://dx.doi.org/10.1007/978-3-642-25318-8},
  bibsource = {DBLP, http://dblp.uni-trier.de}
}

@inproceedings{DangGawlitza2011ATVA,
  author    = {Thao Dang and
               Thomas Martin Gawlitza},
  title     = {Discretizing Affine Hybrid Automata with Uncertainty},
  booktitle = {ATVA},
  year      = 2011,
  pages     = {473-481},
  ee        = {http://dx.doi.org/10.1007/978-3-642-24372-1_36},
  bibsource = {DBLP, http://dblp.uni-trier.de},
crossref  = {DBLP:conf/atva/2011},
}
  

@proceedings{DBLP:conf/atva/2011,
  editor    = {Tevfik Bultan and
               Pao-Ann Hsiung},
  title     = {Automated Technology for Verification and Analysis, 9th
               International Symposium, ATVA 2011, Taipei, Taiwan, October
               11-14, 2011. Proceedings},
  booktitle = {ATVA},
  publisher = springer,
  series    = lncs,
  volume    = 6996,
  year      = 2011,
  isbn      = {978-3-642-24371-4},
  ee        = {http://dx.doi.org/10.1007/978-3-642-24372-1},
  bibsource = {DBLP, http://dblp.uni-trier.de}
}


%%%%%%%%%%%%%%%%%%%%%


@inproceedings{DangTestylier2011,
 author = {Dang, Thao and Testylier, Romain},
 title = {Hybridization domain construction using curvature estimation},
 booktitle = {HSCC},
  publisher = {ACM},
 year = {2011},
 isbn = {978-1-4503-0629-4},
 location = {Chicago, IL, USA},
 pages = {123--132},
 numpages = {10},
}


@inproceedings{DangSalinas2009,
  author    = {Thao Dang and
               David Salinas},
  title     = {Image Computation for Polynomial Dynamical Systems Using
               the Bernstein Expansion},
  booktitle = {CAV},
  year      = {2009},
  pages     = {219-232},
}

@INPROCEEDINGS{Dang06,
    author = {Thao Dang},
    title = {Approximate reachability computation for polynomial systems},
    booktitle = {HSCC},
volume=3927,
series=lncs,
    year = {2006},
    pages = {138--152},
    publisher = springer
}

@INPROCEEDINGS{AlurDangIvancic02,
    author = {Rajeev Alur and Thao Dang and Franjo Ivancic},
    title = {Reachability Analysis Via Predicate Abstraction},
    booktitle = {HSCC},
    series = lncs,
    volume = 2404,
    year = 2002,
    pages = {35--48},
    publisher = Springer
}

@inproceedings{DBLP:conf/icfem/RenshawLP11,
  author    = {David W. Renshaw and
               Sarah M. Loos and
               Andr{\'e} Platzer},
  title     = {Distributed Theorem Proving for Distributed Hybrid Systems},
  booktitle = {ICFEM},
  year      = 2011,
  pages     = {356-371},
  ee        = {http://dx.doi.org/10.1007/978-3-642-24559-6_25},
  bibsource = {DBLP, http://dblp.uni-trier.de},
crossref  = {DBLP:conf/icfem/2011},
}
  

@proceedings{DBLP:conf/icfem/2011,
  editor    = {Shengchao Qin and
               Zongyan Qiu},
  title     = {Formal Methods and Software Engineering - 13th International
               Conference on Formal Engineering Methods, ICFEM 2011, Durham,
               UK, October 26-28, 2011. Proceedings},
  booktitle = {ICFEM},
  publisher = springer,
  series    = lncs,
  volume    = 6991,
  year      = 2011,
  isbn      = {978-3-642-24558-9},
  ee        = {http://dx.doi.org/10.1007/978-3-642-24559-6},
  bibsource = {DBLP, http://dblp.uni-trier.de}
}

@article{katz05,
author={R. D. Katz},
title={Max-plus {$(A,B)$}-invariant spaces and control of timed discrete event systems}, 
journal={IEEE Trans. Aut. Control},
volume={52},
number={2},
pages={229--241},
year={2007}, 
note={E-print \arxiv{math.OC/0503448}},
} 

@inproceedings{DBLP:conf/fsttcs/HerbreteauKSW11,
  author    = {Fr{\'e}d{\'e}ric Herbreteau and
               Dileep Kini and
               B. Srivathsan and
               Igor Walukiewicz},
  title     = {Using non-convex approximations for efficient analysis of
               timed automata},
  booktitle = {FSTTCS},
  year      = 2011,
  pages     = {78-89},
  ee        = {http://dx.doi.org/10.4230/LIPIcs.FSTTCS.2011.78},
  bibsource = {DBLP, http://dblp.uni-trier.de}
}
  crossref  = {DBLP:conf/fsttcs/2011},

@proceedings{DBLP:conf/fsttcs/2011,
  editor    = {Supratik Chakraborty and
               Amit Kumar},
  title     = {IARCS Annual Conference on Foundations of Software Technology
               and Theoretical Computer Science, FSTTCS 2011, December
               12-14, 2011, Mumbai, India},
  booktitle = {FSTTCS},
  publisher = {Schloss Dagstuhl - Leibniz-Zentrum fuer Informatik},
  series    = {LIPIcs},
  volume    = 13,
  year      = 2011,
  isbn      = {978-3-939897-34-7},
  ee        = {http://drops.dagstuhl.de/portals/extern/index.php?semnr=110010},
  bibsource = {DBLP, http://dblp.uni-trier.de}
}

@inproceedings{DBLP:conf/lics/HerbreteauSW12,
  author    = {Fr{\'e}d{\'e}ric Herbreteau and
               B. Srivathsan and
               Igor Walukiewicz},
  title     = {Better Abstractions for Timed Automata},
  booktitle = {LICS},
  year      = 2012,
  pages     = {375-384},
  ee        = {http://dx.doi.org/10.1109/LICS.2012.48},
  bibsource = {DBLP, http://dblp.uni-trier.de}
}
  crossref  = {DBLP:conf/lics/2012},

@proceedings{DBLP:conf/lics/2012,
  title     = {Proceedings of the 27th Annual IEEE Symposium on Logic in
               Computer Science, LICS 2012, Dubrovnik, Croatia, June 25-28,
               2012},
  booktitle = {LICS},
  publisher = {IEEE},
  year      = 2012,
  isbn      = {978-1-4673-2263-8},
  ee        = {http://ieeexplore.ieee.org/xpl/mostRecentIssue.jsp?punumber=6275587},
  bibsource = {DBLP, http://dblp.uni-trier.de}
}

@article{DBLP:journals/corr/abs-1301-3127,
  author    = {Fr{\'e}d{\'e}ric Herbreteau and
               B. Srivathsan and
               Igor Walukiewicz},
  title     = {Lazy abstractions for timed automata},
  journal   = {CoRR},
  volume    = {abs/1301.3127},
  year      = 2013,
  ee        = {http://arxiv.org/abs/1301.3127},
  bibsource = {DBLP, http://dblp.uni-trier.de}
}


@inproceedings{bouissou_et_al_nfm_13,
Author = {Olivier Bouissou and Alexandre Chapoutot and Adel Djoudi},
Title = {Enclosing Temporal Evolution of Dynamical Systems Using Numerical Methods},
Year = {2013},
Month = {May},
Booktitle = {Accepted at the 
5th Nasa Formal Methods Symposium (NFM'13)}
}

@article{DangTestylier2012,
  author    = {T. Dang and R.Testylier},
  title     = {Reachability analysis for polynomial dynamical systems using the {Bernstein} expansion},
  journal   = {Reliable Computing Journal},
  volume    = {},
  isbn      = {ISSN 1573-1340},
  year      = 2012, 
}


@inproceedings{Sokolsky2011,
Author = {B. Kim and A. Ayoub and O. Sokolsky and I. Lee and P. Jones and Y. Zhang and R. Jetley},
Title = {Safety-Assured Development of the GPCA Infusion Pump Software},
Year = {2011},
Publisher = {ACM Press},
Booktitle = {EMSOFT 2011},
}

@inproceedings{Sriram12,
Author = {X. Chen and E. Abraham and S. Sankaranarayanan},
Title = {Taylor Model Flowpipe Construction for Non-linear Hybrid Systems},
Year = {2012},
Publisher = {},
Booktitle = {RTSS},
}

@inproceedings{Roux2,
  author    = {P. Roux and
               R. Jobredeaux and
               P.{-}L. Garoche and
               E. Feron},
  title     = {A generic ellipsoid abstract domain for linear time invariant systems},
  booktitle = {Proceedings of HSCC},
  pages     = {105--114},
  year      = {2012}
}

@PHDTHESIS{Roux,
TITLE="Analyse statique de syst\`emes de contr\^ole commande, synth\`ese d'invariants non lin\'eaires",
AUTHOR="P. Roux",
YEAR = 2013
}


@article{LyapunovVerif,
  author    = {M. Roozbehani and
               A. Megretski and
               E. Feron},
  title     = {Optimization of Lyapunov Invariants in Verification of Software Systems},
  journal   = {{IEEE} Trans. Automat. Contr.},
  volume    = {58},
  number    = {3},
  pages     = {696--711},
  year      = {2013}
}
