@inproceedings{allamigeon2015scalable,
  title={A scalable algebraic method to infer quadratic invariants of switched systems},
  author={Allamigeon, Xavier and Gaubert, St{\'e}phane and Goubault, Eric and Putot, Sylvie and Stott, Nikolas},
  booktitle={Proceedings of the 12th International Conference on Embedded Software},
  pages={75--84},
  year={2015},
  organization={IEEE Press}
}

@inproceedings{kouramas2005minimal,
  title={On the minimal robust positively invariant set for linear difference inclusions},
  author={Kouramas, Koustas I and Rakovi{\'c}, SV and Kerrigan, Eric C and Allwright, JC and Mayne, David Q},
  booktitle={Decision and Control, 2005 and 2005 European Control Conference. CDC-ECC'05. 44th IEEE Conference on},
  pages={2296--2301},
  year={2005},
  organization={IEEE}
}

@inproceedings{polyak2006rejection,
  title={Rejection of bounded disturbances via invariant ellipsoids technique},
  author={Polyak, Boris T and Nazin, Alexander V and Topunov, Michael V and Nazin, Sergey and others},
  booktitle={Decision and Control, 2006 45th IEEE Conference on},
  pages={1429--1434},
  year={2006},
  organization={IEEE}
}

@article{2008-naghshtabrizi-exponential,
  title={Exponential stability of impulsive systems with application to uncertain sampled-data systems},
  author={Naghshtabrizi, Payam and Hespanha, Joao P and Teel, Andrew R},
  journal={Systems \& Control Letters},
  volume={57},
  number={5},
  pages={378--385},
  year={2008},
  publisher={Elsevier}
}

@article{2013-seuret-stability,
  title={Stability analysis of sampled-data systems using Sum of Squares},
  author={Seuret, Alexandre and Peet, M},
  journal={Automatic Control, IEEE Transactions on},
  volume={58},
  number={6},
  pages={1620--1625},
  year={2013},
  publisher={IEEE}
}

@article{2012-seuret-novel,
  title={A novel stability analysis of linear systems under asynchronous samplings},
  author={Seuret, Alexandre},
  journal={Automatica},
  volume={48},
  number={1},
  pages={177--182},
  year={2012},
  publisher={Elsevier}
}

@article{2013-briat-convex,
  title={Convex conditions for robust stability analysis and stabilization of linear aperiodic impulsive and sampled-data systems under dwell-time constraints},
  author={Briat, Corentin},
  journal={Automatica},
  volume={49},
  number={11},
  pages={3449--3457},
  year={2013},
  publisher={Elsevier}
}

@inproceedings{2014-fiacchini-set,
  title={Set theory conditions for stability of linear impulsive systems},
  author={Fiacchini, Mirko and Morarescu, Irinel-Constantin},
  booktitle={Proceedings CDC 2014},
  year={2014}
}

@article{2004-fridman-robust,
  title={Robust sampled-data stabilization of linear systems: an input delay approach},
  author={Fridman, Emilia and Seuret, Alexandre and Richard, Jean-Pierre},
  journal={Automatica},
  volume={40},
  number={8},
  pages={1441--1446},
  year={2004},
  publisher={Elsevier}
}

@article{2010-fridman-refined, 
  title={A refined input delay approach to sampled-data control},
  author={Fridman, Emilia},
  journal={Automatica},
  volume={46},
  number={2},
  pages={421--427},
  year={2010},
  publisher={Elsevier}
}

@article{2010-liu-stability, 
  title={Stability of linear systems with general sawtooth delay},
  author={Liu, Kun and Suplin, Vladimir and Fridman, Emilia},
  journal={IMA Journal of Mathematical Control and Information},
  volume={27},
  number={4},
  pages={419--436},
  year={2010},
  publisher={IMA}
}

@article{2013hetel, 
  title={Stabilization of linear impulsive systems through a nearly-periodic reset},
  author={Hetel, Laurentiu and Daafouz, Jamal and Tarbouriech, Sophie and Prieur, Christophe},
  journal={Nonlinear Analysis: Hybrid Systems},
  volume={7},
  number={1},
  pages={4--15},
  year={2013},
  publisher={Elsevier}
}


@INPROCEEDINGS{Mirkin2007,
author={Mirkin, L.},
booktitle={Decision and Control, 2007 46th IEEE Conference on},
title={On the use of time-varying delay to represent sample-and-hold circuits},
year={2007},
pages={420-425}
}


@inbook{naghshtabrizi2007delay,
  title={Delay Impulsive Systems: A Framework for Modeling Networked Control Systems},
  author={Naghshtabrizi, P. and University of California, Santa Barbara. Electrical \& Computer Engineering},
  year={2007},
  publisher={University of California, Santa Barbara}
}

@INPROCEEDINGS{Girard05reachabilityof,
    author = {Antoine Girard},
    title = {Reachability of uncertain linear systems using zonotopes},
    booktitle = {In Hybrid Systems : Computation and Control, LNCS 3414},
    year = {2005},
    pages = {291--305},
    publisher = {Springer}
}

@INPROCEEDINGS{Althoff2011,
author={Althoff, M. and Krogh, B.H.},
booktitle={Decision and Control and European Control Conference (CDC-ECC), 2011 50th IEEE Conference on},
title={Zonotope bundles for the efficient computation of reachable sets},
year={2011},
month={Dec},
pages={6814-6821},}

@incollection{Sriram2008,
year={2008},
isbn={978-3-540-78799-0},
booktitle={Tools and Algorithms for the Construction and Analysis of Systems},
volume={4963},
series={LNCS},
editor={Ramakrishnan, C.R. and Rehof, Jakob},
doi={10.1007/978-3-540-78800-3_14},
title={Symbolic Model Checking of Hybrid Systems Using Template Polyhedra},
publisher={Springer Berlin Heidelberg},
author={Sankaranarayanan, Sriram and Dang, Thao and Ivani, Franjo},
pages={188-202},
language={English}
}

@inproceedings{jeannet2009apron,
  title={Apron: A library of numerical abstract domains for static analysis},
  author={Jeannet, Bertrand and Min{\'e}, Antoine},
  booktitle={Computer Aided Verification},
  pages={661--667},
  year={2009},
  organization={Springer}
}

@article{DBLP:journals/entcs/GoubaultGP12,
  author    = {Eric Goubault and
               Tristan Le Gall and
               Sylvie Putot},
  title     = {An Accurate Join for Zonotopes, Preserving Affine Input/Output Relations},
  journal   = {Electr. Notes Theor. Comput. Sci.},
  volume    = {287},
  pages     = {65--76},
  year      = {2012}
}

@inproceedings{DBLP:conf/sas/GoubaultPV12,
  author    = {Eric Goubault and
               Sylvie Putot and
               Franck V{\'{e}}drine},
  title     = {Modular Static Analysis with Zonotopes},
  booktitle = {Static Analysis - 19th International Symposium, {SAS} 2012},
  pages     = {24--40},
  year      = {2012},
volume    = {7460},
  publisher = {Springer},
}

@inproceedings{DBLP:conf/aplas/DangG11,
  author    = {Thao Dang and
               Thomas Martin Gawlitza},
  title     = {Template-Based Unbounded Time Verification of Affine Hybrid Automata},
  booktitle = {Programming Languages and Systems - 9th Asian Symposium, {APLAS} 2011},
  pages     = {34--49},
  year      = {2011},
  series    = {LNCS},
  volume    = {7078},
  publisher = {Springer},
}


@inproceedings{athanasopoulos2014alternative,
  title={Alternative Stability Conditions for Switched Discrete Time Linear Systems},
  author={Athanasopoulos, Nikolaos and Lazar, Mircea},
  booktitle={IFAC World Congress},
  pages={6007--6012},
  year={2014}
}

@inproceedings{AlKhatib2015,
  title={Stability Verification of Nearly Periodic Impulsive Linear Systems using Reachability Analysis},
  author={Mohammad Al Khatib and Antoine Girard and Thao Dang},
  booktitle={5th IFAC Conference on Analysis and Design of Hybrid Systems ADHS 2015},
  pages={},
  publisher = {ACM},
  month={October},
  year={2015}
}

@article{hetel2011discrete,
  title={Discrete and intersample analysis of systems with aperiodic sampling},
  author={Hetel, Laurentiu and Kruszewski, Alexandre and Perruquetti, Wilfrid and Richard, Jean-Pierre},
  journal={Automatic Control, IEEE Transactions on},
  volume={56},
  number={7},
  pages={1696--1701},
  year={2011},
  publisher={IEEE}
}

@article{DBLP:journals/tac/KarafyllisK12,
  author    = {Iasson Karafyllis and
               Miroslav Krstic},
  title     = {Nonlinear Stabilization Under Sampled and Delayed Measurements, and
               With Inputs Subject to Delay and Zero-Order Hold},
  journal   = {{IEEE} Trans. Automat. Contr.},
  volume    = {57},
  number    = {5},
  pages     = {1141--1154},
  year      = {2012}
}

@article{Mazenc2013,
 author = {Mazenc, Fr{\'e}D{\'e}Ric and Malisoff, Michael and Dinh, Thach N.},
 title = {Robustness of Nonlinear Systems with Respect to Delay and Sampling of the Controls},
 journal = {Automatica},
 issue_date = {June, 2013},
 volume = {49},
 number = {6},
 month = jun,
 year = {2013},
 issn = {0005-1098},
 pages = {1925--1931},
 numpages = {7}
} 

@inproceedings{Teel1998,
  title={A note on input-to-state stability of sampled-data nonlinear systems},
  author={Teel, A. and Nesic, D. and Kokotovic, P.V.},
  booktitle={Proceedings of the IEEE Conference on Decision and Control},
  pages={2473-2478},
  publisher = {},
  year={1998}
}

@article{Mikheev1988,
 author = {Mikheev Yu.V. and Sobolev V.A. and Fridman E.M.},
 title = {Asymptotic analysis of digital control systems},
 journal = {Automation and Remote Control},
 issue_date = {June, 2013},
 volume = {49},
 number = {9},
 year = {1988},
 pages = {1175--1180}
 } 

@article{nevsic2004framework,
  title={A framework for stabilization of nonlinear sampled-data systems based on their approximate discrete-time models},
  author={Ne{\v{s}}i{\'c}, D and Teel, Andrew R},
  journal={IEEE Transactions on Automatic Control},
  volume={49},
  number={7},
  pages={1103--1122},
  year={2004},
  publisher={IEEE}
}

@article{Hu2003,
  title={A LMI approach to robust H2 sampled- data control for linear uncertain systems},
  author={L. Hu and J. Lam and Y. Cao and H. Shao},
  journal={IEEE Trans. Syst. Man Cybern. },
  volume={33},
  number={1},
  pages={149--155},
  year={2003}
}
 
 
@ARTICLE{Goebel2009,
author={Goebel, R. and Sanfelice, R.G. and Teel, A.},
journal={Control Systems, IEEE},
title={Hybrid dynamical systems},
year={2009},
volume={29},
number={2},
pages={28-93}
}

@ARTICLE{Cai2008,
author={Chaohong Cai and Goebel, R. and Teel, A.R.},
journal={Automatic Control, IEEE Transactions on},
title={Smooth Lyapunov Functions for Hybrid Systems Part II: (Pre)Asymptotically Stable Compact Sets},
year={2008},
volume={53},
number={3},
pages={734-748}
}


@ARTICLE{HetelDaafouz2006,
author={Hetel, L. and Daafouz, J. and Iung, C.},
journal={Automatic Control, IEEE Transactions on},
title={Stabilization of Arbitrary Switched Linear Systems With Unknown Time-Varying Delays},
year={2006},
volume={51},
number={10},
pages={1668-1674}
}

@ARTICLE{HetelKruszewski2011,
author={Hetel, L. and Kruszewski, A. and Perruquetti, W. and Richard, J.-P.},
journal={Automatic Control, IEEE Transactions on},
title={Discrete and Intersample Analysis of Systems With Aperiodic Sampling},
year={2011},
volume={56},
number={7},
pages={1696-1701}
}

@ARTICLE{Fujioka2009,
author={Fujioka, Hisaya},
journal={Automatic Control, IEEE Transactions on},
title={A Discrete-Time Approach to Stability Analysis of Systems With Aperiodic Sample-and-Hold Devices},
year={2009},
volume={54},
number={10},
pages={2440-2445}
}

@article{DBLP:journals/automatica/Fujioka09,
  author    = {Hisaya Fujioka},
  title     = {Stability analysis of systems with aperiodic sample-and-hold devices},
  journal   = {Automatica},
  volume    = {45},
  number    = {3},
  pages     = {771--775}
}

@inproceedings{DBLP:conf/amcc/KaoW14,
  author    = {Chung{-}Yao Kao and
               Dian{-}Rong Wu},
  title     = {On robust stability of aperiodic sampled-data systems - An integral
               quadratic constraint approach},
  booktitle = {American Control Conference, {ACC} 2014, Portland, OR, USA, June 4-6,
               2014},
  pages     = {4871--4876},
  year     = {2014} 
}


@article{Omran2014,
title = "Stability analysis of bilinear systems under aperiodic sampled-data control",
author={Hassan Omrana and Laurentiu Hetela and Jean-Pierre Richarda and Fran腔ise Lamnabhi-Lagarriguec},
journal = "Automatica ",
volume = "50",
number = "4",
pages = "1288 - 1295",
year = "2014" 
}

@INPROCEEDINGS{Omran2013,
author={Omran, H. and Hetel, L. and Richard, J.-P. and Lamnabhi-Lagarrigue, F.},
booktitle={Control Conference (ECC), 2013 European},
title={On the stability of input-affine nonlinear systems with sampled-data control},
year={2013},
pages={2585-2590}
}

@INPROCEEDINGS{Lazar2013,
author={Lazar, M. and Doban, A.I. and Athanasopoulos, N.},
booktitle={System Theory, Control and Computing (ICSTCC), 2013 17th International Conference},
title={On stability analysis of discrete-time homogeneous dynamics},
year={2013},
pages={297-305}
}

@INPROCEEDINGS{BauLoo_NECSYS12a,
author={N.W. Bauer and S.J.L.M. van Loon and M.C.F. Donkers and N van de Wouw and W.P.M.H. Heemels},
booktitle={IFAC Workshop on Distributed Estimation and Control in Networked Systems (NECSYS)},
title={Networked Control Systems Toolbox: Robust Stability Analysis Made Easy},
year={2012},
pages={55-60}
}

@article{Wittenmark2002computer,
title = "Computer control: An overview",
author={Bjorn Wittenmark and Karl Johan Astrom and Karl-Erik Arzen},
journal = "IFAC Professional Brief",
month={1},
year = "2002" 
}

@inproceedings{arvind2016lis,
  title={Using complex zonotopes for stability verification},
  author={Arvind Adimoolam and Thao Dang},
  booktitle={American Control Conference },
  year={2016},
  publisher={sites.google.com/site/cztopepubs/}
}

