 Lstar
@article{Angluin87,
  title     = {Learning Regular Sets from Queries and Counterexamples},
  author    = {Angluin, Dana},
  journal   = {Information and Computation},
  volume    = {75},
  number    = {2},
  pages     = {87--106},
  year      = {1987},
}

